2768 4256
592 639 702 722 [80]

193 881 222 928 Α.
267 863 295 927 0
311 878 395 928 mlta
409 861 484 924 Nox
499 859 615 925 sacris!
637 859 734 926 simul
749 881 786 925 ao
799 859 924 924 homini

183 975 247 1042 Dei
260 973 390 1058 loquela
403 979 437 1038 te
450 977 607 1056 tuumque
622 993 744 1036 nomen
762 970 768 1058 Ι
786 971 963 1057 primigeno
977 972 1095 1050 retulit,

270 1069 389 1150 Nonne
402 1083 455 1148 hio
469 1087 626 1148 venustae
645 1081 650 1169 Ι
670 1083 863 1148 contremuit
877 1103 1028 1161 camerae,

323 1193 386 1260 cui
399 1191 471 1258 luce
485 1192 610 1278 fulgent
623 1197 709 1258 teota
723 1192 933 1277 ooeruloque?

194 1324 222 1370 Β.
267 1305 330 1370 Sed
344 1325 414 1368 rore
426 1304 563 1368 vestitus
577 1303 711 1388 liquido,
726 1303 825 1370 radiis

187 1417 337 1482 Perfusus
352 1413 436 1479 orbis
450 1413 537 1498 ignei
551 1413 700 1491 cadentis,
721 1411 726 1501 Ι
747 1415 910 1499 Hesperus
925 1437 996 1481 ecoe
1010 1421 1016 1480 ἒ
1032 1415 1118 1481 vbnit

273 1526 426 1610 Princeps
441 1525 500 1590 sub
514 1545 587 1589 oum
601 1523 724 1590 sidered
736 1523 871 1609 legione,

317 1637 361 1700 Et
374 1634 515 1702 hominis
529 1635 621 1700 oculo
635 1636 775 1702 mundus
790 1637 971 1721 ampliatam

200 1769 227 1816 c.
273 1750 365 1816 Tales
379 1755 508 1835 putaret
522 1748 594 1833 quis
608 1747 754 1814 unbbras
765 1749 879 1832 jubare
893 1749 929 1814 iu

185 1865 253 1950 Tuo
268 1862 374 1941 lettere,
390 1861 465 1926 Sol!
488 1861 559 1945 quis
575 1866 756 1926 autumaret
773 1859 779 1947 Ι
797 1865 831 1924 te
845 1860 922 1926 folio
937 1862 973 1926 in
987 1862 1120 1926 minimo

274 1973 339 2052 Qui
353 1971 578 2038 commeanteis
592 1971 743 2037 bestiolas
757 1972 880 2056 retegis,

317 2086 378 2150 Tot
390 2084 516 2150 lumina
529 2084 688 2150 abdidisse
701 2083 774 2150 luce
789 2084 906 2150 omme

201 2214 232 2260 n.
277 2197 342 2261 Gur
357 2201 430 2282 ergb
443 2201 580 2262 mortem
594 2195 725 2260 sollieiti
739 2196 905 2280 fugimus?

277 2307 312 2372 Si
325 2308 436 2372 fraude
450 2307 542 2372 tantis
555 2307 614 2372 lux
628 2307 751 2373 animos
764 2307 903 2392 laqueat,

319 2418 385 2482 Cur
398 2438 465 2482 non
478 2417 547 2483 vita
562 2439 689 2502 quoque
703 2418 774 2502 ipsa
787 2417 880 2484 fallat
889 2417 913 2506 t}

601 2680 702 2766 [81]

112 2894 143 2941 u
188 2878 349 2954 Qumuffl
362 2877 416 2942 vel
429 2878 572 2957 ubtnam,
587 2877 732 2942 Maxime
746 2877 934 2962 Solipotens

147 2987 308 3072 Imagines
320 2993 361 3067 te,
373 2989 430 3072 qui
444 2988 524 3054 lates
540 3009 650 3054 sereno
669 2986 674 3075 Ι
694 2993 810 3054 cuneta
823 2989 909 3073 quod
924 2989 1099 3070 exhilarat3

189 3099 330 3183 Tuisque
343 3103 452 3182 portas
465 3099 611 3166 terrificis
628 3099 777 3164 manibus

275 3210 422 3276 Rauoum
435 3211 621 3290 tonitruum,
637 3210 744 3295 fulgur
759 3216 792 3275 et
804 3210 949 3278 volueret

116 3341 146 3387 a.
190 3321 346 3406 Nigrante
362 3342 457 3386 curru
471 3322 567 3387 nubis
581 3323 674 3388 {atrox
688 3321 825 3406 rapidae,

147 3434 278 3497 Summo
293 3433 353 3499 sub
368 3438 453 3498 astro
467 3433 578 3511 noetis,
594 3434 631 3497 in-
642 3432 781 3517 pmcelld
800 3431 805 3520 Ι
825 3433 989 3500 deveheris
1004 3437 1128 3512 Boreae,

190 3545 332 3610 Etesiam
346 3545 399 3610 vel
414 3546 569 3611 daemona
582 3544 765 3610 turbinibus

276 3655 503 3723 ultroneis
518 3634 638 3722 excitas
648 3657 684 3720 in
699 3656 805 3722 Indos
