2768 4256
614 270 683 351 167

280 515 311 579 2.
329 537 331 542 ·
355 509 475 590 Qualis,
489 527 546 592 per
558 505 711 570 intortam
724 521 835 568 means

179 623 352 700 concham,
368 620 499 706 spiritus
513 618 642 682 insonat
659 611 665 700 Ι
684 612 842 693 AEetatis3
863 613 1053 697 penetraleis

355 732 448 798 Clam
462 731 534 795 fusa
546 748 604 812 per
617 745 736 801 sensus,
750 724 816 788 mei

185 848 326 916 Solatrix
340 844 441 912 animi
454 830 651 926 responlsnm
664 858 729 902 vox
743 836 828 902 aima
842 837 946 900 cievit

353 959 507 1024 Sueurrus
521 953 591 1038 ipse
603 949 730 1016 vulneri
805 1031 807 1038 Α

180 1073 342 1149 Lenimen,
356 1067 495 1135 tenebris
506 1066 608 1152 jubar.
628 1060 634 1149 Ι
654 1061 713 1140 Oh,
729 1059 826 1144 quam
841 1061 951 1145 degere
965 1061 1082 1126 vellem
1203 1085 1211 1124 r

352 1181 466 1246 Annos
479 1176 587 1242 dolore
600 1173 750 1258 torpidae,

178 1298 216 1362 Si
230 1296 359 1362 demum
372 1297 482 1358 tenero
497 1309 574 1354 sono
593 1285 598 1374 Ι
617 1291 685 1358 tam
699 1285 804 1350 fausto
818 1291 991 1350 recrearer!

598 1547 694 1633 [70]

327 1757 354 1816 1.
400 1745 557 1815 Cartanet
570 1749 635 1810 etat
649 1745 709 1810 sub
723 1742 836 1827 petulat

438 1857 580 1924 Ferraria
593 1855 726 1940 officina

397 1969 550 2036 Nervosie
564 1966 621 2031 ubi
634 1965 685 2030 vir
698 1966 847 2030 manibus

385 2132 388 2138 .
441 2079 694 2166 Ingentibusque
707 2076 808 2162 fingit,

265 2259 272 2284 ⁸
397 2191 533 2258 Brachia
548 2190 628 2254 dura
641 2188 719 2252 teris
733 2192 884 2270 retegens,

441 2304 489 2368 Ut
503 2301 642 2368 eaieeata
655 2299 745 2363 ferro,

329 2420 356 2482 2.
401 2416 496 2482 Crine
511 2419 609 2498 nigro,
625 2431 736 2488 erasse,
750 2409 866 2494 leng03
971 2447 972 2450 =

442 2526 512 2591 Orts
528 2523 631 2588 colore
645 2523 775 2600 furvus;

397 2640 514 2702 Fronte
529 2634 629 2719 proba
641 2633 737 2699 sudat
750 2632 845 2717 large,

443 2748 610 2829 Meretque
625 2765 683 2828 pro
696 2743 802 2823 viriii3

399 2859 470 2924 Nee
483 2856 596 2941 populi
609 2856 703 2928 timet
717 2855 772 2919 ille
786 2853 902 2931 oeulos,

443 2969 491 3033 Ut
503 2967 627 3049 nemini
641 2967 807 3050 obligatae.

326 3084 354 3148 3.
399 3084 529 3166 Praeter
541 3083 631 3158 festa,
646 3081 699 3144 die
712 3079 816 3144 solido

441 3195 546 3262 Folles
562 3199 709 3279 strepunt
722 3211 884 3278 perennes,

398 3307 538 3376 Matiene
550 3312 585 3372 et
598 3306 673 3372 ferit
685 3303 836 3368 immanis

440 3421 609 3502 Metroque
622 3420 824 3501 temperatim,

397 3532 550 3597 AEdituua
564 3529 661 3607 velut,
677 3527 808 3594 oeeiduo

441 3643 509 3708 Sub
524 3641 597 3718 aole,
612 3640 713 3704 tinnit
726 3659 795 3703 aare.
