2752 4258
607 267 669 348 sa'

241 515 274 578 3.
318 514 387 577 Nos
402 510 458 577 sed
471 514 569 574 noctu
583 509 652 572 dira
664 507 820 592 procellae

402 620 640 706 Pervigilamus,

316 734 451 812 Quando
465 733 501 795 in
514 731 643 796 latebris
660 731 766 795 accola
779 731 894 795 fiuctds

359 844 441 910 Avis
455 843 525 928 ipsa
540 843 606 908 suis
621 842 797 926 requiescit.

318 955 428 1021 Nostri
443 955 521 1032 sitis,
536 952 644 1030 nostri,
659 973 821 1032 memores,
836 1029 838 1034 ,

320 1067 511 1152 splendente
526 1066 603 1143 foco,
618 1065 713 1149 plena
727 1065 844 1149 patera,

319 1181 392 1258 Vos,
409 1180 435 1244 Ο
452 1179 491 1244 de
506 1178 622 1262 quibus
637 1198 771 1260 aequore
785 1177 820 1240 in
835 1183 902 1242 atro
983 1203 984 1208 ¹

362 1292 517 1356 Nostrum
532 1311 585 1354 cor
598 1289 737 1355 somniat
751 1309 886 1374 aegrum.

582 1486 685 1570 [19]

227 1641 255 1701 1.
300 1635 436 1701 Summas
451 1654 508 1718 per
522 1653 620 1717 aquas
634 1653 723 1697 roseo
737 1633 840 1698 fervet

298 1742 471 1828 Splendore
486 1762 543 1807 suo
558 1741 606 1806 sol
620 1748 769 1822 extremo,

343 1854 426 1918 Oum
439 1854 606 1936 majestate
620 1852 776 1918 recedens,

301 1963 401 2030 Maris
416 1965 452 2028 in
465 1964 558 2029 littus
573 1963 667 2028 nivei
682 1964 810 2029 cristam

249 2120 251 2126 ·
302 2075 423 2160 Spuma
436 2074 590 2140 tremulae
602 2075 728 2158 jaciunt
740 2076 853 2155 undae,

342 2186 500 2251 Diffractt
513 2185 585 2250 luce
598 2185 770 2269 pluentem.

224 2301 258 2364 2.
303 2299 397 2364 Sacra
411 2318 554 2381 quaeque
570 2297 662 2361 aedes
677 2303 711 2362 et
724 2297 858 2381 quisque
872 2298 984 2382 procul

301 2410 442 2495 Scirpus*
457 2410 587 2475 occiduo
601 2408 666 2472 sole
681 2415 830 2489 coruscat,

304 2515 403 2606 Cujus
417 2521 543 2586 radians
559 2541 682 2604 semper
695 2519 804 2585 vultus

302 2632 524 2718 Degredientis
539 2632 652 2697 clarior
665 2631 754 2696 ardet

347 2743 452 2823 Quam
466 2749 575 2808 cursr'rs
590 2740 782 2826 accipientis.

228 2855 261 2918 3.
306 2853 347 2916 In
360 2853 527 2938 purpureis
541 2853 703 2917 montibus
718 2851 827 2916 haeret

304 2965 426 3031 Blande
441 2965 599 3045 arridens;
622 2964 749 3049 quaque
763 2964 908 3029 aurantia

306 3077 453 3142 Oulrnine
466 3076 567 3162 surgit
582 3076 689 3140 crebra
703 3075 849 3154 undanti,
992 3065 994 3070 ’

306 3188 500 3256 Linealucls
514 3187 652 3271 plurima
665 3185 778 3270 longae

349 3300 473 3365 Teretes
487 3297 668 3363 intermicat
682 3299 817 3363 umbras.

229 3413 264 3475 4.
308 3409 402 3474 Nihil
415 3410 451 3474 in
464 3409 555 3487 terri,
570 3407 686 3472 nihile
701 3407 787 3472 caelo

308 3520 438 3585 Sanitds
452 3520 559 3598 oritur,
574 3521 638 3585 nisi
652 3541 748 3604 quem
762 3520 865 3583 fontes

308 3629 395 3695 Clari
407 3631 555 3708 referunt,
571 3631 791 3714 crepitansque
805 3647 900 3692 amaa

309 3741 398 3827 Fuga
411 3761 591 3826 vespernae,
606 3761 686 3826 quae
701 3737 870 3824 cyparissis
