2730 4256
599 250 760 354 eo‘

297 520 326 580 2.
371 518 423 582 De
437 522 470 581 te
485 515 568 579 olam
584 515 729 592 meditor,
746 519 851 580 sorori

369 629 451 692 Tum
466 649 567 711 quum
581 648 712 710 vespere
727 627 868 692 siderum

369 740 513 803 Primum
527 741 664 824 irrepere
678 738 794 803 leniter

413 851 523 928 Cerno,
538 850 610 914 luce
624 850 781 914 renidens.

371 962 445 1026 Sive
460 963 568 1026 AEstas
584 963 684 1046 agitet
698 981 803 1027 rosam

367 1072 612 1138 Auctumuusve
626 1073 754 1137 mibram
767 1071 866 1136 vehat

369 1184 535 1262 Frondem,
550 1190 588 1248 tu
602 1183 710 1249 tenire
724 1204 817 1248 sonas

413 1296 512 1361 Omni
527 1296 634 1360 suavis
648 1296 685 1358 iu
699 1293 783 1358 aura

368 1409 421 1473 Ad
435 1430 522 1472 mare
536 1407 597 1471 hoo
612 1406 719 1472 sterile
734 1427 771 1470 ac
784 1425 920 1490 gemens,

368 1521 431 1584 Illa
445 1521 486 1584 ad
500 1526 614 1602 tesqua
628 1517 763 1594 silentia,

367 1633 493 1695 Memor
507 1599 547 1708 te,
564 1629 708 1707 Ohtntlc,
723 1630 792 1705 fleo,

413 1743 563 1808 Fleturus
578 1743 646 1806 sine
661 1742 732 1806 fine.
800 1738 805 1752 ⁴

568 2008 672 2091 [37]

294 2209 322 2270 1.
367 2207 401 2268 N
402 2221 474 2268 oms
488 2204 595 2268 insula
605 2204 637 2272 ,si
651 2202 763 2286 procul

368 2318 461 2382 Clara
475 2318 510 2380 in
526 2337 642 2381 oceano
659 2317 740 2379 foret

257 2427 383 2494 AEstivo
399 2429 475 2492 data
490 2427 622 2504 caerulo,
644 2425 648 2512 Ι
668 2425 817 2503 solitaria,
833 2445 950 2509 parva:

353 2520 438 2616 'Qua
452 2559 618 2621 nunquam
633 2537 796 2600 arboribus
811 2536 917 2600 virens

364 2649 498 2714 Frondis
512 2649 615 2733 gratia
628 2653 774 2726 marceat,

256 2763 439 2847 Floridique
453 2763 540 2846 legat
554 2761 651 2844 dapes
671 2759 675 2846 Ι
694 2761 834 2844 integras
849 2760 918 2843 apis
934 2758 1029 2822 anni:
1100 2765 1106 2780 '

365 2875 452 2951 Quos
467 2873 633 2938 soluimus
648 2893 759 2938 amans
773 2873 859 2937 locos
1071 2871 1074 2878 ’

364 2982 463 3046 Suari
476 2989 662 3066 permaneat
674 2983 770 3060 mort,

254 3096 298 3182 Et
312 3114 378 3158 nox
391 3093 464 3176 ipsa
477 3094 543 3158 levi
557 3095 624 3158 dies
644 3092 648 3182 Ι
668 3095 807 3161 occultet
820 3095 916 3160 modi)
930 3095 1018 3159 velo!

362 3205 470 3288 Siquis
485 3205 538 3270 hio
554 3207 695 3270 animam
709 3207 823 3285 trahat,

363 3317 397 3380 Is
411 3317 588 3400 gustaverit
602 3318 705 3382 indies

252 3427 421 3511 Quidquid
435 3428 578 3492 laetitiae
592 3429 732 3512 optimae
752 3427 756 3517 Ι
776 3430 845 3493 vita
859 3430 956 3493 donat
971 3429 1086 3493 ubivis.

290 3543 324 3606 2:
364 3541 461 3618 Tunc,
476 3547 515 3604 ut
528 3547 671 3625 tempore
684 3542 718 3604 in
735 3562 829 3606 aureo

362 3654 480 3731 Prisco„
493 3658 526 3718 et
539 3658 666 3736 pectore
681 3651 827 3735 simplici,
