2768 4256
610 256 680 338 157

348 487 467 555 Reddit
479 487 543 552 hal
561 487 627 553 iota
639 488 787 554 hebetem
802 489 901 556 semel
914 511 1049 570 sonum„

388 599 498 684 Caput
511 598 625 664 iterato
638 599 791 683 pronuit;
932 634 934 640 ·

346 709 460 789 Tertio,
476 717 568 776 antra
581 716 715 796 gemunt
729 711 888 778 silvestria

272 857 276 868 =
327 845 330 852 ’
387 822 526 888 Deoesse
539 822 683 908 reginam
697 845 797 890 suam.

274 938 303 1001 2.
347 917 471 1000 henco
486 935 616 1000 brachia
630 935 797 1014 dissecant,
811 936 978 1021 quadrant,

278 1067 281 1074 ·
387 1048 566 1132 Atramquo
580 1046 717 1112 demunt
729 1047 899 1114 corticem:
974 1041 976 1049 ’

344 1158 496 1223 Vinctum
510 1178 597 1223 more
612 1143 764 1235 nocentis,
780 1178 886 1224 aream

388 1270 563 1336 Navalium
577 1270 613 1334 in
627 1269 769 1336 olausam
783 1270 924 1336 trahunt.

344 1381 527 1472 Parserraut
541 1381 700 1446 mediam:
720 1381 839 1447 trabeis
854 1381 963 1448 stitim

388 1491 698 1577 Panguntlibumae
712 1491 851 1559 nobilis:
929 1569 931 1572 ¹

344 1604 426 1670 Mox
439 1603 497 1690 pix
510 1603 612 1688 ignea,
626 1601 717 1669 rimis
731 1604 857 1682 obditis,

389 1713 543 1802 Idoneam
557 1720 650 1800 parat
663 1716 754 1780 mari.

274 1830 303 1894 3.
348 1828 474 1894 Cuncta
487 1827 638 1893 terribilis
652 1849 710 1913 per
725 1848 870 1913 aequora,

386 1940 474 2018 Alos,
490 1945 528 2004 ut
541 1940 663 2018 umbra,
681 1941 721 2024 (si
735 1945 858 2024 queunt

297 2139 299 2145 Ι
347 2053 488 2118 Umbrae
501 2052 651 2137 pandere)
668 2052 796 2137 pandet,
812 2058 845 2118 et
859 2073 958 2119 novos

388 2149 507 2230 Vincet
519 2157 700 2249 triumphos
713 2169 847 2230 mortua

345 2275 473 2343 Circum
488 2276 667 2360 fulguribus
681 2275 897 2360 flagrantibus,

386 2387 549 2452 Flammae
564 2386 746 2472 superbiam
758 2385 847 2472 gerit,

343 2499 433 2562 Dum
447 2497 514 2562 lato
529 2519 569 2562 ex
582 2497 681 2563 litbre
696 2497 797 2582 ipsius
811 2501 903 2562 tonat

388 2608 529 2694 Loquela
542 2629 668 2694 pugnae
683 2606 798 2674 lueida

272 2723 303 2786 4.
347 2721 437 2798 Quae
450 2718 568 2786 viatrix
583 2720 650 2786 soie
664 2720 707 2786 sit
722 2719 872 2804 undique,

321 2897 323 2907 ,
388 2834 518 2898 Honora
533 2832 652 2916 ubique
666 2831 820 2917 praedita,

343 2946 439 3011 Vitae
453 2945 633 3030 praeteritis
646 2944 817 3022 laboribus,

387 3055 475 3135 Quid
484 3058 554 3141 jam
567 3055 691 3141 rogabit
705 3055 844 3141 amplius
856 3058 868 3122 ἓ

343 3169 402 3238 Nil
416 3173 513 3253 queat
528 3168 592 3248 sibi
604 3167 766 3252 postulare
779 3187 849 3246 rex,¹

384 3281 492 3358 Vates,
508 3279 561 3345 vel
575 3279 672 3346 armis
685 3279 836 3358 inclutus,

342 3391 472 3458 Praeter
486 3390 627 3456 earmina
641 3411 716 3456 oum
729 3390 815 3458 fama
828 3389 927 3467 brevi,

386 3503 573 3588 sortemque
586 3501 679 3568 humi
691 3501 914 3590 promiscuam.
