2752 4258
601 562 677 644 [2]

217 762 246 826 Ο
262 759 360 844 quam
374 779 446 824 cara
459 758 540 822 mihi
554 757 632 820 hora
646 756 784 834 revertit,
800 756 864 840 qut
878 758 1011 822 moritur
1025 756 1085 821 lux
1131 747 1133 754 ’

260 871 333 948 Dia,
348 870 490 953 marique
506 869 619 934 ardens
634 869 682 932 sol
696 868 799 951 liquet
812 869 848 932 in
862 869 968 934 tacito.
990 935 1010 984 a
1090 890 1093 897 ·
1213 866 1216 873 ’

218 984 307 1046 Tunc
322 981 361 1045 de
375 979 553 1064 praeteritis
566 979 747 1063 gratissima
761 979 884 1044 somnia
898 985 1040 1064 surgrmt,

261 1091 469 1175 Suspiratque
483 1091 544 1154 tibi
558 1110 688 1174 vespere
703 1111 778 1154 cura
791 1110 919 1155 memor.

216 1205 260 1268 Et
273 1204 352 1268 dum
366 1207 523 1279 contueor,
539 1206 576 1265 ut
589 1201 697 1266 lucida
710 1201 796 1266 linea
809 1201 939 1266 mollem

260 1313 472 1380 Praeterludit
486 1333 609 1396 aquam,
626 1311 690 1396 qut
700 1313 795 1396 jubar
809 1313 899 1378 ardet
912 1312 1024 1391 adhuc,

216 1428 324 1490 Aurea
337 1445 389 1490 me
404 1425 531 1509 stringit
552 1424 713 1488 radiorum
727 1424 848 1502 semita,
862 1430 1017 1508 tanquam

259 1539 321 1622 Spe
336 1539 410 1603 beet
424 1536 566 1602 alliciens
581 1535 687 1600 insula
701 1536 786 1601 clara
799 1536 889 1602 retro.

550 1811 552 1816 Ι
599 1878 676 1962 [3]

120 2104 148 2164 1.
193 2101 333 2164 Mcnsrl
347 2099 414 2164 dies
423 2099 575 2164 tenbbras
590 2104 623 2163 et
637 2098 736 2182 frigus
750 2101 912 2182 procreat:
933 2097 1037 2162 imber

151 2220 153 2224 ’
233 2213 256 2276 J
257 2232 309 2275 am
324 2211 417 2288 cadit,
433 2216 467 2274 et
480 2215 576 2274 vento
590 2210 640 2275 vis
655 2231 739 2274 nova
756 2229 880 2293 semper
894 2208 991 2274 adest.

117 2377 120 2384 .
189 2323 276 2389 Vitis
291 2321 396 2398 adhuc
411 2325 538 2405 septum
552 2320 774 2404 complectitur
789 2324 876 2384 arcta
888 2319 1061 2396 labascens,

189 2435 236 2498 At
251 2434 328 2498 folia
341 2433 518 2517 inspirante
533 2432 652 2498 cadunt
666 2432 831 2496 demortua
844 2435 941 2495 vento
956 2456 963 2494 :

234 2546 376 2610 Solvitur
389 2544 425 2608 in
439 2544 585 2610 unctas
599 2543 827 2627 tristitiamque
842 2542 917 2608 dies.

110 2660 143 2722 2.
188 2657 300 2722 Tristis
314 2657 383 2722 vita
396 2657 470 2742 gelu
484 2678 521 2722 ac
535 2657 680 2722 tenebras
694 2677 766 2721 mea
780 2660 923 2740 procreat
938 2680 944 2719 :
966 2656 1069 2720 imber

232 2769 283 2832 Mi
297 2768 390 2846 eadit,
406 2773 440 2833 et
453 2774 550 2833 vento
564 2768 613 2832 vis
628 2787 712 2831 nova
725 2787 850 2852 semper
864 2767 960 2832 adest.

188 2881 284 2945 Mens
298 2899 370 2945 mea
383 2880 585 2945 Praeteritum
601 2879 823 2963 complectitur
837 2883 924 2944 arcta
937 2879 1108 2955 labascens,

188 2991 236 3055 At
249 2992 309 3056 sub
323 2991 452 3056 flamine
466 2992 576 3056 crebra
590 2990 676 3055 cadit
690 3011 762 3075 spes
777 3011 850 3054 cara
859 2992 1023 3074 juventae:

232 3103 410 3167 Miscentur
424 3101 563 3167 centens
577 3101 771 3185 tristitiaque
786 3101 863 3166 dies.

115 3215 145 3278 3.
192 3214 279 3292 Quin
292 3219 337 3291 tu,
352 3219 464 3298 pectus
479 3214 578 3291 btrox,
600 3213 799 3296 requiesces?
821 3212 914 3277 mitte
929 3211 1110 3295 querelam:

230 3325 318 3389 Pone
332 3325 451 3390 etenim
466 3325 579 3390 nubeis
594 3325 642 3390 sol
657 3325 754 3390 etiam
768 3323 879 3390 radiat.

188 3437 384 3501 Cunctorum
398 3443 455 3502 tua
469 3456 536 3502 sors
551 3443 601 3502 est
614 3457 682 3502 sors
696 3436 882 3514 communie,
898 3436 1010 3520 opinor
1022 3460 1030 3515 ;

190 3547 286 3623 Queis
301 3548 492 3632 quandoque
506 3549 598 3613 decet
611 3547 713 3612 vitam
728 3547 907 3612 infestarier
920 3547 1029 3624 imbre,
1087 3556 1090 3562 '

230 3658 339 3743 Atque
354 3659 478 3744 aliquot
490 3659 629 3725 tenebris
643 3657 838 3742 tristitiatque
852 3657 929 3724 dies.
