2730 4256
263 501 370 564 Rauen
384 489 561 564 vociferant
576 519 653 562 aura
667 497 789 576 hiemis,
804 499 894 565 nives

264 610 328 676 Illo
341 615 434 676 noote
448 610 517 674 vias
532 630 613 693 quae
627 609 748 694 rigidae
762 630 798 675 ao
812 616 917 678 truces

262 720 448 806 opplevere,
462 725 572 786 tamon
584 725 712 804 pectore
727 720 869 787 Saxones

304 830 485 896 Vinoebant
499 835 607 894 tenero
621 828 726 894 nimis,

190 945 217 1008 6.
263 941 394 1008 Pridem
407 945 453 1006 ml
469 942 609 1006 citharae
623 941 725 1026 gratia
740 941 880 1026 deperit:

264 1056 380 1121 Paucis
395 1076 436 1122 ex
449 1054 566 1120 fidibus
580 1053 762 1139 languidior
775 1059 874 1130 sonat,

264 1167 354 1244 Quae
364 1186 421 1250 per
434 1171 526 1230 vasta
540 1169 660 1250 queant
674 1165 824 1230 canitiem
839 1165 889 1232 sui

306 1279 440 1342 Saeuam
455 1275 669 1342 oolltorimare
683 1277 761 1343 heri.

263 1389 298 1453 Si
313 1389 352 1454 de
366 1385 492 1472 quoque
507 1388 588 1452 foret
603 1387 689 1452 crine
703 1409 774 1454 meo
788 1388 874 1466 fidis,

259 1501 357 1565 Dirae
371 1498 507 1584 quisque
521 1519 629 1584 preoes
643 1501 792 1578 mitteret,
807 1521 908 1586 usquo
923 1499 1001 1568 dum

262 1621 278 1646 ‘⁴
290 1613 411 1678 Poenae
425 1613 588 1678 barbariae
597 1613 612 1638 '¹
629 1612 735 1678 Scotia
751 1611 915 1697 “perfidae
926 1611 942 1637 ’'

304 1725 498 1810 Experreota
511 1724 713 1808 reclangeret.

592 1985 691 2070 [26]

149 2189 176 2251 1.
218 2185 428 2248 Dasmnarlr
441 2183 586 2268 pluviae;
608 2187 724 2247 ventus
738 2181 830 2246 itrox
844 2181 977 2268 strepit3

216 2295 382 2360 Matutine
394 2295 482 2372 latet,
498 2293 610 2358 nubila
624 2313 714 2378 pone,
729 2291 795 2357 lux.

216 2409 410 2473 Luoeacenta
425 2405 477 2470 die
491 2404 666 2489 diffugiunt
679 2407 762 2468 retro

260 2520 378 2585 Stellae
392 2543 404 2609 ε,
421 2518 479 2584 aad
492 2537 582 2582 meua
596 2516 652 2580 ille
666 2515 746 2580 ubit

302 2631 399 2696 Anne
412 2647 504 2696 meus
517 2627 629 2713 prooul
643 2632 693 2693 est
707 2628 852 2691 amatori

147 2745 175 2810 2.
220 2741 374 2810 Olareaolt
389 2741 511 2818 Oriens,
530 2759 608 2805 aura
621 2737 731 2824 quieta
744 2737 820 2802 flat:

217 2853 274 2922 Sol
287 2853 432 2939 inungit,
448 2852 553 2918 adhue
568 2851 649 2917 oolle
662 2849 853 2916 reconditus.

215 2965 356 3050 Jamque
370 2983 483 3029 aurora
496 2961 580 3028 redit
592 2985 600 3042 ;
623 2960 727 3046 fulgor
741 2959 832 3024 adest
846 2958 898 3050 die
913 2983 919 3022 :

258 3077 342 3155 Huo,
357 3075 429 3154 huo,
444 3073 500 3139 ille
513 3093 613 3150 moue,
627 3092 725 3150 meua,

302 3186 506 3272 Progreditur
520 3185 601 3270 pede
612 3185 681 3268 jam
695 3183 790 3250 fideli.

147 3301 175 3368 3.
218 3301 303 3379 Heu,
318 3298 443 3366 coelum
456 3296 560 3363 variat
574 3321 581 3360 :
604 3317 676 3380 apes
690 3301 729 3360 ut
743 3291 987 3360 abit-vonit·-

216 3411 269 3477 Sio
283 3410 332 3476 eol
346 3415 380 3476 et
393 3408 524 3494 pluviae
536 3406 922 3492 praetereunt—minent.

217 3523 322 3588 Salvia
337 3543 416 3606 quoe
431 3520 552 3596 adamo,
568 3519 647 3603 quid
661 3518 743 3582 mihi
757 3519 847 3583 obest
860 3515 986 3580 hieme?

262 3635 370 3700 AEstae
384 3632 496 3717 pulcra
510 3629 594 3696 nihil
608 3630 704 3707 valet,

305 3744 340 3810 Si
353 3743 436 3808 mihi
450 3743 635 3826 dispereunt
650 3738 755 3803 amati
