2730 4256
614 270 657 335 81

343 496 423 574 Quis
438 502 471 562 te
486 497 638 562 sollicitat
651 498 771 562 timor?

298 605 378 691 Spes
392 607 506 672 innixa
519 609 590 673 Deo
605 610 648 673 sit
662 608 723 673 tibi
737 603 772 671 in
789 609 893 674 Unico
907 634 913 672 :

342 719 479 784 Posthac
494 719 651 803 aspiciens
665 721 773 785 Deum

299 829 470 895 Firmabor
483 855 490 894 :
504 852 577 896 mea
592 837 663 894 tum
676 853 742 895 vox
756 832 821 896 cita
835 832 970 914 profluet

342 941 494 1006 Sanctam
507 941 575 1006 vim
589 963 744 1007 venerans
758 961 886 1007 memor.

298 1165 410 1230 Eheu!
425 1187 498 1249 spes
513 1166 614 1230 animi
628 1166 775 1243 concidit,
792 1167 819 1230 Ο
835 1168 944 1230 Deus!

343 1277 406 1342 Sed
421 1299 484 1355 cur,
499 1277 546 1340 mi
559 1279 649 1342 Deus
662 1282 674 1342 1
689 1299 761 1343 ecca
775 1278 862 1342 enim
922 1296 926 1304 ’

298 1390 343 1454 Τθ
357 1395 552 1454 commentor
567 1411 665 1473 aquas
679 1395 809 1474 propter
823 1390 976 1465 Iordanis,

341 1502 385 1565 Ta
400 1500 461 1564 sub
474 1500 613 1564 vallibus
629 1501 837 1578 Hermdnum,

298 1613 342 1677 Te
356 1633 454 1697 supra
468 1613 595 1677 Misdris
611 1612 691 1676 colle
705 1613 862 1677 fideliter:

342 1725 532 1808 Quanquam
544 1724 604 1788 sub
619 1723 750 1788 fremitu
762 1729 819 1787 tuo

299 1837 340 1900 In
354 1857 406 1900 me
421 1835 523 1919 surgit
537 1840 629 1898 atrox
642 1835 799 1900 imbribus
815 1843 962 1900 aestuans

342 1947 465 2030 Gurges
479 1946 602 2030 gurgite
618 1946 769 2012 concitus.

298 2060 346 2124 At
360 2065 398 2122 tu
412 2063 505 2122 mand
519 2064 610 2122 tuam
623 2058 761 2124 blandus
776 2081 868 2145 opem
884 2061 983 2136 dabis,

340 2175 480 2256 Jamque
495 2178 527 2236 et
541 2178 635 2236 nocte
650 2175 728 2236 aiano
742 2170 811 2248 tibi,

297 2283 416 2348 Vitalis
430 2289 576 2366 repetens
592 2282 768 2365 alloquium
782 2283 853 2345 Dei.

338 2396 460 2460 Arcum
474 2416 560 2458 nuno
574 2393 722 2476 equidem
736 2413 842 2457 meam

298 2508 463 2592 compello
478 2507 577 2572 dubia
590 2527 665 2571 curn
678 2525 779 2588 prece,
795 2505 840 2567 Ni
854 2491 918 2568 mei

338 2623 434 2686 Forte
448 2621 569 2685 oblitus
584 2640 626 2697 es,
642 2619 670 2682 O
685 2617 783 2693 Deus,

251 2765 254 2772 ·
296 2735 402 2812 Quare
417 2733 550 2798 saevitis
560 2732 736 2817 perprimor
749 2729 891 2793 hostium
904 2732 915 2792 1

340 2847 484 2924 Quorum
498 2865 569 2922 vox,
585 2844 710 2928 gladius
725 2840 816 2906 velut

296 2957 452 3024 Soindens
467 2978 545 3032 ossa,
559 2955 649 3020 vanit
662 2955 747 3019 laeta
761 2953 882 3036 prdbro,
899 2958 914 2983 “
923 2972 1013 3016 meus

338 3071 428 3134 Num
443 3068 621 3144 discesserit
636 3067 836 3132 Arbiter.''-

296 3184 324 3247 Ο
340 3204 401 3259 cor,
416 3187 454 3245 tu
468 3180 548 3264 quid
562 3179 648 3244 enim
662 3185 696 3243 te
710 3178 826 3262 pavide
840 3177 921 3260 geris
935 3181 946 3238 1

338 3293 419 3371 Quis
433 3298 466 3356 te
480 3292 633 3358 sollicitat
647 3292 766 3356 timor?

296 3407 376 3492 Spes
391 3405 504 3469 innixa
518 3405 588 3469 Deo
604 3405 647 3470 sit
661 3404 723 3468 tibi
736 3405 771 3468 in
787 3404 899 3468 Unico.

341 3516 441 3582 Illum
454 3516 549 3581 laude
564 3516 666 3580 colam
674 3504 765 3580 'novd

294 3631 440 3709 Posthac,
455 3630 561 3696 lucem
576 3629 787 3712 oculis-atque
800 3627 883 3691 mihi
896 3627 1012 3692 Deum.

614 3758 633 3804 r
