2768 4256
528 342 531 350 .
614 285 683 352 189

238 513 266 575 5.
311 511 353 575 In
366 531 440 575 rure
453 510 545 575 flores
560 516 599 574 ut
612 511 742 576 sitiente
756 511 831 588 stilo,

352 621 406 686 Sic
420 621 589 686 Fezzimta
602 622 661 688 fios
676 623 766 706 perit,

308 732 528 798 Abuctlumbe
542 755 608 798 non
622 733 776 798 redeunte
790 733 929 797 domum.

321 840 324 847 ’
351 845 393 908 In
406 843 579 928 impiorum
597 844 690 928 (eheu
701 847 718 928 ἔ)
733 846 819 928 jacet

308 955 433 1021 Tellure
448 977 561 1040 corpus
576 955 702 1035 nobile;
724 955 804 1020 vicit
817 956 904 1020 enim

352 1067 465 1134 Telum
479 1089 603 1132 veneno
618 1069 795 1132 barborum.

238 1180 265 1243 6.
309 1179 384 1244 Ah!
405 1200 446 1245 ne
460 1179 640 1264 ignipultee
653 1178 761 1244 fidite!
783 1199 824 1244 ne
837 1176 962 1263 gladio!

352 1291 477 1376 Sagitta
488 1291 592 1356 vincit
604 1289 705 1377 impia
718 1314 726 1356 :

309 1402 544 1468 Abucslumbes
559 1402 675 1468 occidit
689 1403 745 1476 ille
759 1404 882 1468 bonus:

353 1514 510 1592 Quisnam
525 1515 640 1580 dehinc
656 1536 785 1580 securus
801 1522 849 1580 est
862 1519 873 1577 l

523 1831 525 1838 -
597 1777 693 1861 [ro]

239 1972 267 2034 1.
312 1972 459 2050 OMORS,
474 1978 616 2056 potestas
630 1971 787 2056 effugiens
802 1973 930 2036 oculos!

309 2083 432 2168 Regina
444 2084 530 2148 vesti
543 2084 665 2168 pallida
679 2083 837 2148 Praeteriti
850 2088 857 2147 1

314 2195 397 2258 Tuos
411 2194 592 2278 triumphos
607 2195 679 2280 quis
694 2217 861 2259 numerare
876 2200 998 2278 queat?

353 2306 471 2371 Limite
486 2306 558 2390 quis
574 2307 721 2372 cohibere
737 2313 821 2370 certo
835 2310 846 2369 l

239 2419 266 2480 2.
311 2418 372 2482 Per
385 2424 419 2482 te
432 2419 559 2482 ruinam
574 2418 659 2484 celsa
673 2417 806 2482 trahunt
820 2418 900 2482 solia
914 2443 921 2481 :

310 2527 412 2594 Enses
427 2528 485 2593 tue
498 2529 533 2594 vi
547 2535 734 2614 sceptraque
749 2529 933 2612 dispereunt
948 2554 954 2592 :

311 2640 373 2705 Per
385 2646 419 2705 te
434 2640 555 2706 decoris
570 2641 752 2726 corporibus
764 2642 898 2724 juvenes

354 2752 491 2817 Pulvere
505 2752 728 2818 dissoluuntur
742 2759 818 2828 atro,

241 2865 269 2927 3.
316 2864 461 2948 Regnum
475 2864 511 2928 in
525 2865 687 2950 gelascens
702 2865 929 2948 tebifioumque
943 2869 1037 2928 tuum

311 2976 454 3054 Terrena,
470 2982 629 3062 quotquot
643 2960 878 3061 splenduerant,
894 2978 1021 3041 obeunt.

312 3085 348 3150 Si
361 3086 441 3172 quid
455 3088 584 3154 venusti
598 3088 645 3165 'st
660 3089 696 3151 vi
710 3087 820 3152 citiore
835 3087 928 3164 cadit,

355 3197 471 3262 Pectus
486 3203 518 3262 et
532 3198 704 3284 igniferum
719 3199 873 3263 dometur.

239 3309 268 3371 4.
314 3308 377 3373 Sed
390 3307 485 3372 illum
498 3308 534 3372 in
549 3311 656 3374 orbem
672 3331 738 3374 non
751 3315 809 3374 tue
824 3309 872 3374 vis
889 3309 976 3386 adiit,

313 3418 380 3482 Ubi
393 3419 553 3484 virescens
567 3425 632 3484 stet
647 3420 717 3486 sine
731 3419 805 3483 tabe
820 3418 932 3483 decor:

312 3529 432 3594 Rerum
447 3528 627 3594 abditarum
641 3534 756 3594 caetere
768 3534 807 3592 tu
821 3549 958 3612 superas

357 3641 400 3705 Te
414 3644 524 3707 temen
538 3639 673 3726 amplior
687 3645 793 3706 exstat
808 3640 909 3704 Unus.
