2768 4256
614 269 679 336 161

388 493 467 559 ·Illio
481 494 617 560 assidet:
638 500 690 561 aab
702 495 780 562 odos

392 605 440 668 Ut
453 605 601 690 profusus
615 605 683 670 abit
697 606 803 686 simul,
897 649 900 660 ·

391 715 501 800 Atque
515 722 553 780 ut
566 717 734 802 praecipiti
748 718 845 784 nimis

306 827 471 892 Matutino
483 826 559 914 fugi
568 827 693 894 somnia
707 828 860 908 divolsnt,

350 938 403 1005 sio
416 939 498 1004 visio
512 939 707 1024 praelabitur
718 964 728 1021 ;

309 1049 420 1128 Qualis
433 1071 500 1116 non
512 1050 631 1116 iberum
643 1051 702 1116 lux
716 1051 864 1118 hebetem
877 1053 942 1119 mei
956 1115 961 1126 ,

350 1162 512 1226 Lustrabii
526 1163 598 1228 aevi
611 1162 761 1230 rivulum„

589 1415 754 1504 [671'

231 1617 259 1678 1.
304 1616 357 1678 Nn
371 1635 486 1699 speres,
500 1615 595 1681 homo
609 1619 667 1681 tu!
687 1635 769 1682 neve
782 1620 882 1701 potos,
898 1617 994 1682 nimis

247 1741 248 1744 ’
347 1726 396 1790 Ur
407 1731 521 1792 mnino
535 1747 589 1792 eor
601 1725 728 1797 sentias
826 1727 830 1735 '

303 1838 417 1904 Paucis
431 1859 472 1904 ex
486 1838 603 1905 animis
615 1837 783 1924 prolioinrr
793 1837 891 1902 simul

345 1950 489 2015 Affectus
503 1950 587 2015 almo
600 1949 758 2016 ebulliens
771 1973 779 2014 ε

303 2061 437 2126 Paucis:
459 2061 580 2146 hosque
595 2061 682 2139 adeo,
695 2082 739 2127 na
752 2066 871 2139 coeant,
887 2062 1003 2145 premit

344 2173 417 2238 Fati
430 2178 571 2258 potestas
586 2172 721 2240 dissone

300 2284 383 2348 Sana
396 2304 535 2370 namque
549 2283 661 2350 alitor*
674 2283 744 2348 vita
757 2282 854 2348 decus
868 2284 973 2350 brevis

342 2395 495 2460 Indueras
507 2393 637 2460 homine
650 2393 810 2480 grandius.

225 2507 256 2570 2.
300 2507 420 2572 Forsan
433 2511 472 2570 tu
484 2525 640 2572 venerans
652 2505 747 2590 longe
761 2503 824 2569 olio
838 2502 957 2588 polum,

340 2615 391 2680 Aa
404 2615 507 2693 frater,
522 2616 639 2682 obtutu
652 2615 749 2700 capis,

300 2727 365 2805 Qui
378 2733 512 2806 asnoios,
526 2727 585 2794 ubi
598 2726 647 2794 sol
660 2727 830 2795 oooiduum
842 2731 955 2817 flsigrat

342 2838 485 2923 Opimus,
500 2838 609 2905 hamis
623 2839 763 2924 spiritus.
782 2819 787 2830 “

299 2952 425 3028 Forsan,
440 2951 498 3034 qui
511 2950 605 3016 violis
619 2952 762 3018 naseinai
775 2953 811 3016 in
825 2954 917 3019 novis

342 3061 404 3125 Per
416 3081 491 3126 rura
504 3061 597 3126 Verls
612 3061 741 3144 baliolis,

298 3171 484 3236 Portentans
500 3171 644 3236 animum
658 3171 771 3238 caelite
785 3172 936 3251 vitrum,

339 3282 451 3348 Inanis
465 3281 515 3346 illi
530 3282 713 3354 effunditis.

224 3393 253 3455 3.
298 3391 391 3470 Quod
405 3393 446 3459 de
460 3392 638 3478 praeteritis
652 3392 837 3478 obloquitur
850 3394 957 3473 melos,

343 3505 524 3587 (Subtristis
537 3504 775 3592 oblectatio,)7-
834 3565 835 3569 ,
912 3511 913 3515 ’

308 3653 320 3678 *
356 3643 406 3692 For
416 3644 460 3692 the
471 3642 571 3706 prosaio
581 3643 705 3708 aloquin,
716 3649 731 3674 ‘⁸
738 3655 803 3695 were
812 3641 835 3694 it
845 3647 891 3692 not
903 3642 952 3694 so.’‘

621 3748 642 3798 L
