2730 4256
720 285 769 354 80

447 514 572 592 Mortis,
586 513 635 577 nil
647 518 791 578 metuam
804 514 882 579 mali
895 539 903 579 ι

405 625 514 710 Hujus
528 645 603 690 nam
618 625 751 690 baculus
765 645 817 689 me
832 625 919 690 fovet
934 645 970 690 ac
984 622 1116 710 pedum.

447 737 497 799 Tu
511 754 617 800 coram
629 735 717 799 rabie
731 734 856 798 hostica

404 847 553 912 Mensam
566 846 613 910 mi
626 866 760 930 reparas,
777 851 873 930 atqua
888 845 957 912 cleo
972 853 1069 932 caput

448 957 552 1042 Ungis
564 981 571 1021 :
585 962 624 1020 tu
637 957 717 1020 mihi
730 957 883 1040 poculum

403 1071 506 1154 Supra
519 1069 609 1134 labra
622 1068 715 1134 bonis
730 1069 854 1134 deliciis
868 1068 979 1153 reples.

432 1182 537 1258 Sane,
552 1185 711 1264 quotquot
725 1186 820 1245 erunt
834 1180 911 1258 dies,

400 1292 522 1356 Vivum
537 1311 613 1356 cura
626 1291 690 1355 Dei
703 1312 755 1356 me
772 1291 976 1356 comitabitur

445 1401 593 1467 Clemens
607 1425 614 1466 z
637 1402 728 1484 cujus
742 1402 778 1464 in
793 1400 881 1465 atriis
940 1463 943 1471 ,

401 1515 534 1578 Gratarn
548 1517 703 1597 perpetuo
718 1513 912 1577 constituam
927 1512 1067 1578 domum.

514 1711 621 1794 [aa]
702 1710 876 1772 esuum
910 1717 959 1772 42.

442 1861 539 1925 81000
554 1865 592 1923 ut
608 1865 716 1944 captat
731 1859 877 1925 anhelitu

399 1973 520 2074 Cervus
534 1971 656 2035 fiumen
670 1993 778 2055 aquae,
795 1973 841 2037 sic
856 1971 983 2037 enimus
999 1992 1094 2036 meus

440 2085 485 2149 Te
500 2083 665 2161 desiderat,
682 2085 709 2148 O
723 2084 834 2149 Deus!

396 2196 558 2261 Vitalem*
572 2196 684 2260 sitiens
700 2196 788 2260 arida
801 2195 946 2280 quaerito

440 2310 502 2374 Per
517 2309 640 2373 deserta
654 2309 762 2372 Deum
776 2333 782 2371 :
797 2308 905 2372 Deum

396 2421 570 2504 Ecquando
585 2420 713 2484 obtuitu
727 2420 871 2503 simplice
885 2416 1046 2503 perlegam
1058 2421 1071 2481 t

439 2533 547 2596 Noctu
561 2552 680 2617 perque
695 2532 763 2595 dies
777 2531 872 2595 meris

396 2644 419 2707 J
419 2664 471 2708 am
484 2663 594 2707 vescor
607 2643 753 2719 lacrimis,
770 2643 847 2706 dum
860 2642 1008 2726 rogitant,
1025 2648 1041 2674 “
1051 2662 1147 2707 meua

439 2756 510 2831 Quo
524 2753 693 2818 decesserit
708 2753 862 2818 Arbiter.''

396 2867 527 2929 Mecum
542 2865 570 2929 si
580 2870 689 2949 repeto
704 2865 789 2943 talia,
803 2865 951 2950 pmtinus

438 2979 500 3042 Cor
515 2977 690 3042 effunditur
703 2979 825 3044 intime.

396 3090 566 3167 Quondam
580 3110 718 3173 namque
733 3090 829 3154 alacri
844 3111 918 3155 cum
932 3089 1058 3176 pbpul0,
1075 3090 1129 3155 die

437 3199 540 3278 Festa,
555 3199 659 3265 laetus
674 3200 710 3264 in
725 3203 814 3266 atriis

393 3312 518 3378 Sanctis
534 3311 704 3390 editorem,
720 3313 941 3378 concelebrans
955 3312 1020 3398 pist*

436 3426 555 3492 Gratus
569 3445 646 3489 voce
660 3425 776 3503 Deum,
790 3426 906 3491 Deum.

393 3538 421 3602 Ο
437 3540 508 3622 cor!
523 3542 560 3601 tu
575 3535 653 3622 quid
669 3535 755 3601 enim
769 3543 802 3601 te
816 3535 1050 3627 pavide'gerist

598 3683 610 3712 ⁸
627 3673 671 3732 As,
683 3672 775 3724 Vitatis
786 3687 856 3724 aare.
