2768 4256
637 299 704 364 195

291 530 318 594 O
333 529 410 594 vina
425 513 453 594 si
466 529 639 594 viatoribus
654 527 750 594 hoece
765 529 853 613 prius

332 641 424 706 nobis
438 641 606 718 ministret,
622 639 719 726 quam
733 641 843 726 flagret
858 641 1007 706 occiduus
1023 641 1087 706 sol!

214 773 239 820 e.
284 756 367 821 Tum
380 755 485 831 multa
498 755 614 820 sistent
628 755 741 840 frigore
756 754 850 818 eorda
864 753 929 818 fero

331 868 442 954 sopita,
457 887 539 953 quae
553 887 640 932 nune
653 865 766 952 pulsus
780 865 847 952 agit
861 865 981 932 aufidus
988 891 997 946 ;

265 987 268 992 '
288 981 321 1046 N
322 1001 365 1059 ee,
380 979 482 1046 vietor
496 980 557 1046 etsi
571 981 660 1046 Mars
674 983 767 1044 voret
780 979 858 1064 ipse,
873 985 1043 1064 resurgent.

330 1091 459 1159 Dormit
473 1098 507 1158 at
521 1091 656 1158 feliciter
669 1091 730 1169 hic,
744 1091 884 1156 literimis

376 1205 479 1286 Quem
492 1209 601 1290 gentes
615 1207 809 1274 venerantur
821 1204 922 1272 orbae.

611 1471 721 1560 ree]

216 1676 242 1738 1.
288 1665 445 1738 Vrcroals
459 1673 560 1737 hostis
574 1692 639 1736 nox
654 1671 821 1736 cohibebat
835 1672 902 1749 iter,

279 1779 472 1871 Collemque
486 1790 700 1850 monstravere
714 1781 825 1868 procul
838 1781 978 1867 positum

201 1898 346 1982 Fulgura,
362 1898 426 1982 qut
439 1899 554 1981 reliqui
574 1896 578 1984 Ι
599 1897 713 1962 stetere
727 1895 822 1980 pauci
835 1895 1048 1980 languidique‚
1083 1903 1084 1911 ’

328 2013 378 2075 Ex
393 2011 460 2076 aeie
474 2010 627 2092 intrepidi
640 2008 810 2074 tremendi.

215 2240 242 2304 2.
288 2239 366 2322 Spes
381 2237 536 2313 militaris,
552 2236 645 2300 arder
659 2255 769 2301 amens
783 2231 912 2319 patriae,
1044 2284 1046 2288 .
1065 2247 1083 2294 ..³

284 2353 411 2427 Retusa,
426 2349 534 2426 fracta,
549 2353 675 2431 tempus
690 2347 725 2410 in
740 2367 833 2411 omne
845 2347 976 2430 jacent..

199 2462 277 2545 Quia
292 2456 605 2548 miseroserucialtsrs'
614 2459 698 2534 dicet
711 2459 851 2538 hertum,
866 2460 983 2544 quibus
995 2460 1062 2543 jem

257 2605 264 2617 ·
327 2574 384 2642 Nil
398 2572 461 2638 nisi
474 2573 544 2638 vita
557 2572 716 2659 decusque
729 2575 850 2636 restat?

181 2853 183 2858 .
212 2802 239 2868 3.
283 2800 422 2868 Virtutis
437 2799 518 2866 auris
531 2815 672 2878 munera
687 2799 810 2866 somnia
823 2797 862 2862 li·

282 2912 563 2999 bertatis—aegre,
579 2913 635 2978 sed
648 2910 992 2992 temen‚-intereunt;

196 3027 239 3096 Et
252 3027 344 3092 taciti
357 3025 500 3112 vigilant,
520 3023 525 3114 Ι
545 3023 622 3090 dum
636 3023 740 3110 fulgor
753 3024 896 3089 Aurorae
909 3026 1053 3109 resurgat

299 3149 302 3156 ’
327 3136 479 3215 Ultimus
494 3136 687 3221 irradietque
701 3139 844 3201 mortem.

209 3364 238 3430 4.
282 3365 341 3429 Est
355 3363 446 3440 orbis,
462 3363 497 3426 in
512 3382 575 3447 quo
589 3361 689 3427 libere
702 3381 793 3426 meus
802 3363 959 3445 pertigerit,

255 3487 256 3490 ’
281 3477 349 3540 Nee
364 3496 445 3561 quae
460 3463 549 3539 Deus
564 3473 620 3538 dat
633 3473 756 3558 gaudia,
772 3493 865 3538 eaeea
878 3471 1017 3536 hominis

186 3589 253 3656 'Vis
269 3593 409 3654 temerat.
454 3585 569 3652 Aditus
589 3584 593 3674 Ι
613 3585 640 3650 si
654 3583 738 3650 mors
753 3589 892 3649 nitentes
907 3583 982 3648 huic
993 3581 1146 3659 recludat,

324 3702 351 3765 O
364 3702 442 3784 juge
457 3699 529 3783 quis
544 3698 625 3764 ferat
639 3696 692 3764 hle
706 3698 859 3781 superba?
