2768 4256
615 305 684 371 ree
782 371 785 387 ,

214 557 217 566 ’
312 538 493 620 Campanae
506 533 647 598 numeris
661 531 859 618 duleirrepae
871 533 1035 618 procul,-

353 647 538 712 Nootumus
551 644 710 709 undanrm
723 661 873 723 sonus,—

310 763 443 838 Ventus,
458 759 523 844 qui,
537 756 706 824 modulans
721 757 927 836 multimodis,
942 760 1028 825 velet

351 872 463 937 Fibres
476 871 558 936 aiere
572 869 714 934 cordium
724 893 778 950 3-

311 984 403 1050 Olarl
416 988 533 1049 anneta
546 981 607 1047 tibi
620 1001 698 1046 voce
711 980 803 1064 loqui
815 987 942 1066 queant,

353 1097 410 1162 Illi
421 1094 552 1162 tametsi
565 1093 712 1178 elinguia.

237 1213 267 1278 4.
310 1210 415 1296 Atqui
427 1229 470 1274 ne
482 1208 545 1274 tibi
558 1207 602 1273 sit
613 1210 782 1292 propterea
791 1203 880 1280 listis,

354 1325 444 1401 Quae
458 1320 558 1386 erevit
572 1319 664 1385 annia
678 1317 814 1397 caritas3

311 1436 400 1512 Quae
414 1437 563 1498 constans
575 1431 659 1509 fidei,
673 1449 798 1514 semper
811 1427 963 1505 amabilis,

353 1545 435 1610 Inde
450 1563 490 1610 ex
504 1543 629 1628 puertilr
643 1541 714 1607 fuit.

309 1658 344 1723 Si
358 1657 439 1742 quis,
454 1655 671 1722 collacrimans
685 1654 804 1732 funera,
817 1649 982 1738 particeps

353 1767 414 1833 l'ui
428 1767 546 1833 doloris
559 1765 692 1842 exstitit,

310 1879 503 1965 Asseditque
517 1886 587 1945 toro
600 1875 793 1964 pervigilans
806 1883 864 1942 tuo
877 1901 886 1956 ;

354 1991 452 2056 Hune
467 1998 483 2024 ⁸‘
494 1995 644 2055 mutuum
658 1991 727 2056 σοι’·
743 1990 883 2055 aestima

240 2105 269 2167 5.
313 2101 371 2168 Sin
384 2107 423 2166 tu
436 2102 568 2169 vincula
579 2102 630 2167 vis
644 2102 808 2179 nobiliora,
822 2121 905 2185 quae

353 2212 481 2278 Maneis
495 2233 648 2296 anpemos
661 2212 907 2296 complicant,-

310 2323 386 2392 Unii
400 2324 500 2410 stirpe
512 2323 604 2389 velut
616 2322 774 2409 progeniti
787 2323 917 2388 vibrant

352 2435 462 2512 llores
476 2435 587 2501 eodem
601 2434 718 2520 spiritu
730 2457 786 2514 ;-

310 2546 346 2611 Si
359 2543 569 2610 tn-laetitiam
583 2565 649 2611 non
662 2543 786 2609 homini
799 2542 894 2608 datae

353 2658 547 2724 Concordiae
561 2657 710 2723 intimam
723 2655 808 2742 petis
822 2658 830 2720 l

308 2767 390 2846 vah,
400 2769 545 2854 jucunda
557 2767 654 2834 nimis
668 2767 786 2854 projice
798 2768 931 2846 somnia,

351 2879 414 2945 Vel
428 2880 581 2946 caelitum
595 2879 699 2947 alleva
711 2879 822 2966 pilgia.

587 3077 702 3162 [aa]

196 3227 225 3291 1.
268 3225 433 3299 Tannum
448 3225 550 3290 sicubi
564 3224 643 3310 quid
656 3224 790 3304 tristius,
805 3225 937 3310 aegrius,

224 3333 227 3338 ’
309 3337 454 3402 Moerore
467 3335 599 3422 languet
612 3335 736 3417 indies:

266 3447 370 3514 Pullis
382 3451 422 3512 ut
434 3446 534 3513 vidua
547 3447 583 3512 in
595 3447 746 3526 vestibus,
760 3445 878 3512 intimo

310 3559 379 3626 Sub
393 3559 487 3626 eorde
499 3559 624 3626 luctum
638 3559 872 3644 comprimens3

269 3673 317 3738 Ut
330 3671 423 3740 furui
435 3671 555 3740 renidet
567 3672 685 3738 Nonne
698 3669 810 3737 dolens
821 3668 914 3749 stoli,
