2730 4256
606 261 675 330 103

231 492 260 554 3.
304 489 413 554 Multa
426 490 558 574 noverit,
573 489 703 556 Arotioo

172 602 236 680 Qui
249 606 386 666 venatur
395 601 432 665 in
446 622 579 686 aequore
599 599 603 690 Ι
622 602 771 668 balaenas
784 604 929 688 gurim:

171 716 276 794 Plura,
292 715 350 799 qui
363 733 450 778 mare
463 718 600 777 trameat
617 717 622 798 Ι
640 713 758 798 Ingens
773 714 953 791 Paoifioum,
968 721 1076 780 tenet:

170 827 213 890 Et
225 825 321 910 plura
333 825 385 890 his
401 844 526 909 quoque
540 823 674 887 forsitan
691 823 696 905 Ι
715 824 802 888 Cano
816 830 959 910 tempora
973 825 1121 910 primitus

169 939 270 1003 Poeni
284 937 454 1003 calluerint
468 957 566 1002 senes.
586 933 591 1023 Ι
611 936 674 1000 Sed
687 941 733 1014 tu,
748 937 881 1022 parvule
895 943 1013 1003 nauta!

303 1049 435 1114 Ounotis
450 1047 596 1113 callidius
611 1047 715 1131 sapis;

302 1161 366 1240 Qui
379 1159 609 1244 reeens-genito
624 1158 660 1222 in
673 1159 755 1222 mari

170 1272 282 1338 Risisti
295 1272 486 1356 impavidus,
501 1277 558 1334 tuo
578 1268 582 1356 Ι
602 1270 668 1334 sole
682 1269 786 1336 laetus
801 1276 835 1334 et
849 1271 932 1336 aurft.

226 1387 256 1449 4.
301 1384 481 1449 Solitudine
495 1389 534 1447 111
546 1383 643 1447 maris

169 1497 211 1558 In
224 1495 336 1580 prisot,
352 1495 457 1559 suboli
471 1495 589 1559 arbiter
605 1495 610 1577 Ι
627 1495 811 1558 Β1ἔ1101111111
825 1495 976 1559 intereras
992 1495 1094 1560 ferae:

168 1609 210 1670 Et
224 1608 285 1672 sub
298 1605 371 1672 luae
384 1627 493 1672 recem
508 1606 578 1671 sata
595 1607 600 1688 Ι
618 1608 741 1692 Susque
756 1607 858 1691 deque
873 1607 955 1673 mari
968 1628 1067 1693 vagus

168 1718 397 1782 Ammonitidis
411 1719 547 1802 impiger
565 1716 570 1806 Ι
590 1725 740 1782 cornutae
755 1717 858 1785 comis
872 1720 950 1784 ibas.

227 1833 255 1895 5.
299 1832 371 1896 Nae
384 1836 422 1894 tu
435 1831 519 1895 vivis
534 1831 645 1909 adhue,
659 1831 736 1895 lieet

297 1943 432 2008 Telluris
445 1947 564 2007 tremor
577 1943 695 2007 extulit

113 2053 118 2076 '
171 2055 308 2124 Samum
322 2054 418 2118 maris
433 2053 561 2118 alveum
580 2052 585 2141 Ι
604 2075 678 2118 oum
693 2055 813 2138 fragore
828 2055 991 2119 tremendo
1006 2079 1013 2133 ;

297 2163 461 2248 Vivosque
475 2165 735 2230 innumerabileis

170 2278 342 2354 Mollusoes
356 2277 453 2341 variis
468 2277 545 2340 novi
564 2275 568 2364 Ι
588 2279 688 2342 Venis
702 2249 867 2342 marmoris
881 2278 1009 2355 indidit,

170 2391 257 2468 Quae
271 2389 395 2455 cladem
409 2377 586 2453 memorant
601 2388 712 2466 arlhue,
733 2387 737 2475 Ι
757 2388 884 2454 chartae
899 2390 1016 2456 fossilis
1030 2391 1138 2456 instar.

228 2504 256 2566 6.
301 2501 375 2565 Illic
389 2506 427 2564 tu
442 2500 604 2564 estiteras:
626 2505 702 2563 tuus

295 2614 413 2690 Linter‚
429 2595 560 2676 Nautile
574 2612 724 2695 pervicax
753 2666 755 2675 .

297 2725 341 2788 Et
355 2726 505 2788 ventose!
526 2723 600 2787 feris
615 2721 714 2806 nlgris

167 2835 350 2901 Denatabat
364 2834 456 2918 aquis
470 2833 574 2911 simul,
595 2830 600 2920 Ι
618 2833 758 2918 gurgites
774 2834 815 2898 ad
829 2833 996 2901 hiantem*

169 2949 287 3012 Rerum
301 2947 421 3011 fabrica
435 2945 562 3030 quando
577 2946 612 3010 vi
631 2944 635 3032 Ι
657 2947 784 3010 Circum
800 2955 957 3014 corruerat
971 2949 1075 3028 malt;

297 3060 388 3123 Inter
403 3060 509 3122 omnia
522 3060 681 3143 naufraga,

297 3170 457 3234 Flammas
473 3156 505 3234 el
520 3171 643 3234 sonitus
658 3171 748 3246 feros,

296 3282 381 3346 Saxa
396 3281 524 3345 condita
538 3287 571 3345 et
585 3282 671 3344 edita
683 3305 691 3360 3

169 3391 401 3477 Antiquissima
416 3393 543 3456 navita!
562 3391 572 3478 Ι
587 3392 779 3476 Margaritae
792 3398 825 3456 te
839 3398 896 3456 tua

169 3505 267 3571 Vexit
281 3503 438 3590 cymbula,
453 3525 510 3589 per
525 3503 627 3568 salum
648 3501 652 3590 Ι
671 3504 843 3582 turbatum,
859 3505 927 3568 slne
941 3505 1033 3570 noxa

460 3651 472 3677 *
506 3639 593 3688 Lucan
599 3656 607 3698 ;
624 3639 796 3688 hiantuodoe.
