2752 4258
627 271 668 340 ll

225 503 311 570 Nam
325 499 459 567 summis
472 498 509 564 in
522 497 615 584 aquis
629 496 781 564 dormitat
793 503 910 568 ventu
922 498 1042 586 ubique
1056 525 1066 565 :

309 612 439 680 Vexilla
451 612 540 678 flurxa
554 611 714 688 decidium,

223 726 333 811 Atque
346 725 479 810 insigne,
494 723 591 808 sipra
605 722 925 790 onoumfluitantibus
940 727 1079 800 exstans,

309 841 380 904 En!
400 839 479 904 luna
493 857 636 904 crescens
649 836 816 922 praenitet.

174 947 181 962 '
223 952 356 1016 Prorsus
371 948 549 1016 conticuere
563 947 634 1026 loci,
649 947 713 1014 nisi
726 945 792 1032 qut
804 943 884 1032 vigil
898 950 1005 1012 astons

310 1059 406 1126 Miles
420 1059 573 1126 reclamat
585 1063 757 1135 tesseram

221 1172 285 1240 Vel
299 1171 332 1238 si'
341 1171 412 1258 qut„
427 1169 536 1237 sonitu
549 1168 710 1254 geminato
724 1186 745 1232 a
758 1163 900 1242 collibus.
914 1162 1025 1230 hinnit
1074 1161 1076 1164 ’

309 1283 420 1366 Equus
434 1284 600 1366 protervus
614 1278 729 1344 acriter
740 1302 749 1358 ;

218 1395 287 1462 ¹Seu
299 1394 399 1460 trucis
412 1392 501 1458 illius
516 1389 652 1474 crepitat
665 1411 730 1456 vox
744 1409 838 1456 caeca
851 1394 1004 1464 catervae,
1052 1419 1054 1426 ¹

310 1505 358 1571 Ut
371 1503 812 1583 frondiummaricdmare;
997 1591 1000 1598 ,

220 1621 310 1684 Dum
323 1617 430 1684 madii
442 1618 483 1684 dc
496 1622 599 1684 nocte
605 1616 749 1684 sacerdos
761 1615 823 1681 ritis
837 1619 961 1682 siietsm

302 1729 459 1796 Solemnis
474 1729 516 1794 ad
529 1749 655 1811 precem
668 1733 770 1794 vocat.

221 1842 330 1926 Hujus
344 1847 378 1906 at
391 1841 529 1925 insurgit
541 1861 600 1926 per
613 1859 750 1925 campos,
764 1836 928 1905 daemonis
941 1837 1042 1902 instar

306 1953 453 2038 Lugubre
467 1952 610 2030 solitarii,

221 2064 363 2141 Carmen,
378 2063 604 2129 blandisonum
617 2068 802 2149 maestoque
815 2081 928 2128 canore
942 2060 1115 2128 refertum:

305 2175 361 2251 Ut,
376 2194 453 2238 auro
466 2174 623 2259 siquando
637 2175 766 2260 ingruit,

217 2283 323 2352 Nacta
343 2284 437 2364 fides,
452 2285 522 2352 sina
535 2305 623 2352 more
636 2287 744 2352 inanit
757 2285 927 2372 praelonga
940 2283 1113 2372 querelam,

303 2397 438 2482 Egressa
451 2397 602 2464 mortales
615 2395 710 2490 lyras.

603 2652 680 2738 [6]

166 2898 174 2912 .
218 2846 246 2911 Ο
262 2868 334 2932 quae
347 2847 506 2933 praecipiti
519 2847 595 2914 salis
608 2845 697 2913 unda
710 2847 811 2926 devia,
825 2846 909 2914 clivo

301 2957 443 3044 Delapsa
455 2960 575 3025 montis
587 2959 707 3037 infimo,
803 3003 805 3008 -

216 3069 321 3149 Quam
336 3069 424 3136 dulci
437 3091 605 3136 numerosa
618 3075 676 3136 tuo
689 3091 755 3135 uox
768 3091 826 3137 ore·
835 3070 1002 3157 profundit

301 3179 424 3247 Velleio
437 3203 495 3266 per
508 3182 645 3268 Alpinas
658 3182 759 3250 melos
772 3188 779 3248 i

214 3289 366 3358 Ventosis
381 3313 478 3378 eques
494 3283 676 3380 inopinis,
690 3295 802 3380 procul
816 3295 931 3374 albida,
945 3315 1060 3362 saxum

302 3401 428 3469 Pallore
440 3404 614 3492 distinguis
626 3413 773 3492 nigrum

213 3512 258 3578 Et
270 3512 447 3600 longinqua
460 3517 569 3596 oculis,
583 3519 703 3586 montis
716 3539 801 3586 nors
814 3525 918 3605 nupta
930 3524 937 3584 1
957 3524 1079 3586 retecto

301 3624 452 3692 Formosa
465 3625 537 3692 velo
553 3627 711 3713 praenites.
