2752 4258
618 256 662 338 17

174 494 367 578 Duplioibus
380 489 496 577 pennis
510 487 623 575 pernix
635 512 643 568 ;
666 489 722 554 sed
735 493 847 554 venter
860 486 967 552 emere

260 607 412 670 Tentaiur
426 605 587 668 oeternum
601 601 710 690 femen

173 719 260 782 Pone
274 717 415 802 erchunt,
429 733 560 778 numero
574 712 689 797 plures,
705 711 773 777 sine
787 712 851 776 fine
868 718 1012 777 catervae
1088 685 1092 706 ⁸

259 828 349 892 Anni
363 825 523 890 famelicos
537 828 647 902 metus.

172 939 247 1002 Non
262 939 352 1015 Gora,
373 934 597 1011 Vandsliusve,
612 939 669 997 cut
682 932 767 998 ncne
780 933 868 1018 prole
883 934 978 1000 feroci

248 1048 375 1113 ‚Hunni
389 1050 546 1113 scatentes
560 1044 691 1122 fulvida,

172 1165 310 1226 Tantum
325 1177 507 1224 concussere
523 1155 652 1232 animos,
667 1161 826 1238 quenmm
838 1155 890 1220 eis
903 1155 1043 1221 locustae

261 1271 404 1335 Stridens
419 1287 553 1352 superne
568 1265 694 1349 mynias.

93 1421 128 1448 n.
174 1383 205 1445 A
219 1381 349 1465 tesquis,
364 1381 488 1444 fervens
502 1375 621 1440 rabidis
635 1375 691 1440 ubi
704 1380 810 1460 turget
823 1397 919 1442 arena

256 1494 477 1575 ieonibusque
491 1493 524 1554 et
538 1487 664 1571 viperis,

170 1606 315 1669 Diffusae
329 1605 422 1688 longe
436 1601 563 1687 lateque
577 1622 672 1686 super
685 1621 779 1678 mare,
795 1601 902 1665 Solem

256 1715 471 1780 Meridienum
486 1713 683 1779 obnubilant.

172 1827 347 1890 inveniunt
360 1847 435 1909 prce
450 1847 484 1891 se
499 1825 667 1889 Parsdisec
680 1843 774 1902 rura3
796 1821 990 1906 relinquunt,

256 1937 296 2000 Se
311 1957 400 2020 pone,
415 1936 524 2000 inanis
539 1935 653 2000 omnia.

169 2050 240 2114 Hoc
256 2070 359 2113 eorem
373 2048 496 2134 legione
511 2053 656 2126 tremens,
671 2045 791 2130 psilore
806 2045 936 2110 colonus

256 2161 425 2244 Correptus
441 2159 561 2244 elingui
575 2163 704 2243 stupet:

164 2273 208 2334 :Se
220 2271 403 2353 jaculentur
416 2269 502 2334 enim
517 2289 591 2333 cum
605 2269 646 2347 vi,
661 2261 799 2333 furiosus
813 2273 851 2331 ut
864 2265 956 2352 ignis,

254 2383 456 2464 Messemquc
471 2378 627 2445 semihora
640 2385 762 2444 vorant.

165 2493 269 2556 Arbor
282 2492 369 2558 nude
382 2492 476 2569 dolet,
492 2491 616 2575 squalet
629 2490 747 2556 humus
761 2490 901 2569 herbida,
916 2495 1071 2574 tanquam

253 2602 379 2667 Obtrite
392 2623 501 2687 gressu
514 2601 678 2686 praegravi
692 2627 699 2666 ι

160 2716 234 2778 'Nec
248 2714 417 2798 quisquam
431 2714 609 2797 impavidos
624 2714 732 2780 oculos
745 2736 803 2780 rex
816 2717 960 2794 sustinet,
975 2715 1091 2780 harum

254 2827 424 2890 Percussus
440 2825 580 2889 adventu
593 2825 696 2905 miil03

166 2937 299 3014 Gnarus,
314 2936 378 3001 tcie
393 2936 452 3002 soli
466 2941 644 3001 monstrum
658 2957 725 3001 non
738 2935 852 3004 militis
867 2936 962 3002 armis

251 3047 302 3111 De
316 3051 420 3130 segete
435 3067 597 3112 cessurum
612 3045 677 3125 sui,

166 3157 228 3222 Sed
242 3158 372 3224 victrice
386 3159 470 3224 fame
483 3159 659 3244 grassarier,
682 3159 825 3244 undique
839 3159 942 3225 cultas

208 3270 303 3334 Ruris
317 3290 374 3354 per
388 3291 457 3361 oras
472 3271 634 3336 devorans.

87 3384 120 3444 3.
166 3382 245 3446 Tem
258 3385 359 3447 tetrae
373 3402 410 3447 ac
424 3381 549 3447 validae
562 3381 701 3468 raptrici,
716 3382 776 3463 dic,
791 3382 870 3469 quid
885 3385 1008 3450 obesset

207 3491 315 3558 Armis
329 3491 379 3557 vir
392 3491 523 3562 horrens
537 3493 670 3560 ferreis?

618 3621 638 3671 0
