2752 4258
607 305 652 372 31

93 533 145 596 20.
191 529 375 596 Palmamm
389 531 488 598 elatas
504 554 544 598 ex
558 534 721 602 montibus
735 537 841 622 aspice
855 539 938 604 fissis

275 644 419 710 Sublime
432 666 576 731 proceras
592 668 704 713 comas.

188 757 247 832 En,
263 755 374 840 quadis,
391 756 493 821 calido
508 757 573 822 sole
587 760 766 837 scandente,
780 760 905 826 renidet

276 865 395 950 Aprica
408 867 503 932 vallis
517 869 701 952 subjacens!

94 978 146 1041 21.
193 976 362 1061 Progenies
376 977 532 1042 Austrina
545 983 661 1059 tamen,
676 1001 786 1046 secura
800 981 940 1076 calorum

278 1087 414 1155 Meridie
427 1091 637 1176 flagrantium,

190 1201 332 1265 Ventoso
347 1201 488 1285 dispersa
501 1202 597 1267 maris
612 1203 672 1268 sub
686 1202 793 1268 littore
807 1203 901 1290 longe

279 1313 411 1379 Sursum
425 1314 572 1379 deorsum
586 1314 726 1379 cursitat.
1083 1387 1085 1393 Ι

95 1426 146 1490 22.
194 1424 312 1503 Quales
327 1429 513 1510 assurgrmt!
533 1426 656 1510 magica
671 1432 720 1492 est
733 1426 819 1512 regio
833 1427 912 1512 ipsa.
956 1427 1131 1514 Magister!

278 1532 349 1599 Hdc
363 1532 400 1598 in
413 1535 488 1600 sinu
500 1536 571 1620 jace
585 1539 750 1600 ancoram!

193 1647 363 1729 Quumque
376 1646 455 1711 locis
469 1647 631 1731 paulisper
644 1647 680 1710 in
694 1647 745 1711 his
761 1667 863 1712 errare
877 1647 1021 1726 velimus

278 1759 449 1823 Detrudite
463 1759 550 1824 ocius
565 1759 733 1844 scapham!

99 1871 149 1935 23.
196 1872 257 1935 Per
270 1870 367 1935 silvas
381 1876 512 1948 veteres
526 1891 584 1954 per
598 1870 685 1935 culta
699 1871 886 1956 vagabimur
900 1893 982 1949 arva,

282 1982 349 2046 Sub
362 1982 428 2047 vite
442 1982 684 2048 considebimus.

195 2095 257 2159 Lac
272 2092 363 2157 cocui
376 2115 493 2178 purum
506 2094 696 2180 potabimus,
711 2099 807 2178 atque
822 2115 1009 2160 ananassam

283 2207 455 2290 Carpemus
471 2225 511 2269 ex
525 2203 623 2268 humo
637 2202 801 2289 integram.

99 2321 149 2383 24.
195 2319 356 2382 Arboreus
370 2315 470 2401 panis,
485 2316 724 2401 rubicundaque
738 2316 877 2400 plurima
891 2317 994 2394 bacca,

272 2427 378 2492 Radix
399 2427 664 2512 fdrindlentaque,

196 2539 408 2623 Suppeditant
422 2539 550 2624 epulas:
572 2539 701 2606 hilareis
716 2560 855 2625 namque
869 2560 937 2605 esse
952 2539 1075 2604 decebit
1210 2565 1214 2576 f

283 2651 351 2715 Isto
365 2650 425 2714 sub
439 2671 498 2716 axe
512 2650 642 2716 scilicet.

102 2766 152 2828 25.
198 2764 266 2828 Nos
280 2763 371 2827 velut
383 2761 531 2846 Elysium
544 2762 598 2828 hic
613 2762 771 2842 Australe,
786 2763 844 2828 ubi
856 2762 950 2826 littus
965 2783 1099 2848 agerque

282 2875 462 2950 Laetantur,
477 2877 565 2939 ecce!
586 2873 777 2939 invenimus.

196 2987 261 3052 Hic
276 2987 374 3052 semel
388 2987 514 3068 adsiste,
529 3007 695 3070 nunquam
708 2985 869 3052 rediturus
884 2985 993 3052 eddem
1008 3010 1014 3050 :

282 3102 384 3165 Tanta
398 3104 447 3164 est
460 3099 522 3164 loci
536 3098 806 3183 longinquitas.—

103 3215 153 3278 26.
198 3212 346 3277 Austrini
359 3211 479 3276 tractds
493 3211 684 3295 pulcerrima
697 3211 838 3276 vidimus
853 3231 935 3289 arva,

284 3323 503 3407 Hominesque
517 3342 665 3406 mareque
681 3327 713 3387 et
727 3322 848 3388 insulas
862 3346 870 3386 :

198 3437 336 3519 Jamque
349 3439 432 3499 retro
446 3438 570 3511 terram,
585 3453 667 3516 quae
682 3432 888 3498 dilectissima
901 3436 1000 3497 restat

263 3545 373 3624 Nobis,
387 3549 532 3630 petamus
547 3543 707 3629 Anglism.
