2752 4258
617 303 658 368 21

175 552 261 616 Nam
275 573 332 636 pro
346 557 447 617 matre
462 553 524 617 fuit
539 557 614 620 sane
628 579 635 620 :
658 557 776 642 quippe
794 563 843 623 esi
856 561 938 624 mihi
951 571 1059 643 maier,

260 661 293 726 N
293 667 345 726 eto
360 667 491 746 patente
505 664 696 749 ineequore.

101 774 132 836 5.
178 771 340 836 Albebant
354 771 475 850 fluetus,
490 773 549 838 lux
562 776 722 842 matutina
735 780 869 846 rubebat

260 889 294 951 N
295 888 431 952 atalibus
447 885 550 951 oriens
565 887 645 951 meis
658 911 666 966 ;

172 982 280 1064 Aurei
295 997 439 1082 delphini
454 997 532 1061 uum
545 997 671 1061 nudant
684 1003 779 1082 terga,
795 1001 932 1085 remugit

260 1109 407 1186 Belaena,
421 1106 561 1192 porcus†
576 1129 609 1172 se
623 1114 714 1173 rotat.
809 1116 813 1125 ‘

175 1222 250 1284 Non
265 1221 342 1285 alius
357 1225 466 1284 tantus
481 1218 633 1302 strepitus
648 1219 753 1302 queiii
768 1221 903 1300 aethera,
919 1230 1057 1306 quantus
1082 1218 1087 1225 ’

259 1334 292 1396 N
293 1338 419 1397 aseente
432 1331 499 1395 filio
514 1330 617 1394 marie.

96 1448 127 1508 6.
174 1443 258 1508 Exin
273 1438 465 1526 tranquiline
480 1441 635 1517 turbatus,
651 1439 761 1504 navita
775 1441 847 1528 degi

258 1557 379 1620 Decem
393 1573 563 1638 perennes
579 1553 756 1636 quinquiee

172 1668 242 1732 Aut
255 1648 382 1751 peiegre
395 1667 480 1750 potis
494 1666 540 1730 ire
555 1672 610 1729 ani
625 1687 677 1730 aes
692 1668 876 1751 expendere,
891 1669 992 1734 vitam

260 1778 387 1843 Mutare
402 1797 567 1860 nunquam
581 1777 699 1861 pertuli
714 1803 721 1842 ε

172 1891 205 1953 N
205 1911 240 1955 ee
255 1911 307 1953 me
321 1888 468 1971 corripiet
490 1889 578 1953 Mors
592 1889 672 1973 ipsa,
686 1891 749 1956 nisi
762 1891 798 1954 in
811 1911 897 1956 mere
911 1893 1014 1970 vadet,

259 2003 396 2066 Cursura
409 2021 466 2084 per
479 2001 592 2088 fluctus
606 2021 709 2086 vagos.

601 2198 676 2280 [9]

145 2423 173 2483 1.
219 2421 362 2484 Sunurrn
375 2422 382 2482 1
403 2438 459 2502 per
473 2417 573 2481 maria
586 2416 783 2481 inernsemus
799 2423 934 2502 magne!
979 2421 1092 2487 Sedere

305 2530 375 2603 Cur¹
385 2529 500 2593 otiosos
514 2528 567 2591 hic
579 2528 695 2611 juvat?

217 2643 335 2707 Senum
349 2640 600 2721 concinnamque
614 2639 696 2702 mihi
705 2639 774 2722 jem
788 2641 930 2723 quaerite
944 2663 1067 2722 navem,

244 2820 246 2822 ,
304 2755 392 2830 Quae
407 2751 536 2836 pelagus
550 2752 717 2816 Aretieum
730 2752 821 2835 petit.

145 2869 174 2932 2.
219 2865 356 2930 Lumina
369 2885 445 2928 nam
460 2868 601 2947 spectare
614 2863 713 2928 velim
727 2865 879 2942 Borealia,
895 2865 974 2931 caeli

304 2975 421 3040 Procul
434 2975 606 3059 stupendas
621 2980 709 3038 trans
723 2975 801 3052 uiue,

219 3091 315 3167 Quae,
330 3088 420 3151 velut
433 3087 574 3172 igniferis
589 3087 740 3151 animalia
754 3088 879 3153 concita
895 3089 1012 3173 pinnis,

304 3198 477 3282 Splendore
490 3197 628 3262 volitant
642 3197 761 3262 mobili.

144 3314 174 3377 3.
220 3309 383 3402 Ingenteis
398 3331 475 3374 aveo
490 3309 627 3373 monteis
642 3315 783 3392 spectare
797 3310 926 3394 gelatos,

306 3421 412 3504 Caput
426 3425 589 3484 coronatos
604 3419 686 3496 nive,

220 3534 362 3611 Quorum
377 3533 472 3615 stirps
486 3532 636 3608 viridam,
652 3532 797 3597 ducentis
814 3533 951 3616 amplius
965 3534 1059 3612 ulnis,

305 3647 422 3728 Torpet
435 3643 494 3707 sub
508 3642 664 3706 horrendo
678 3643 766 3707 mari.
847 3675 849 3680 ·
1084 3643 1087 3648 “

441 3811 454 3850 ÷
483 3796 579 3844 Porcus
590 3794 713 3852 murinus,
721 3796 843 3858 purpoise.
