2752 4258
630 284 679 350 23

157 515 191 580 4.
236 513 362 580 Horum
376 519 409 577 et
422 511 595 578 terrificum
607 511 702 594 juvat
716 510 893 576 auscultare
907 509 1068 596 fragorem,

320 627 355 691 Si
369 623 434 711 qud
446 623 539 688 ruina
552 623 690 702 deoidit;

233 740 442 822 Reflexosque
457 757 557 814 sonos,
573 735 630 820 qui
643 735 732 800 mille
747 756 788 800 ex
801 735 933 819 rupibus
948 741 1061 813 estant,

319 849 459 933 Loquela
472 848 661 914 solitudinis.

157 963 190 1026 5.
234 961 414 1028 Terribileis
428 960 496 1025 illio
510 981 599 1025 ursos
614 960 827 1044 spectabimus
843 961 930 1027 albos

319 1076 504 1158 Phoceaque
518 1074 554 1138 in
568 1073 623 1138 ora
635 1075 783 1158 torpidas,

233 1186 451 1271 Bolsenesque
464 1206 569 1270 vagas,
583 1184 702 1251 tristeis
715 1185 898 1270 mugitibus,
913 1183 977 1249 alte

320 1299 463 1384 Oeoipite
477 1319 559 1384 quae
572 1304 708 1363 vomunt
721 1298 832 1363 salum

157 1411 191 1474 d.
237 1409 309 1474 lllio
323 1413 369 1474 mi
383 1411 479 1476 lineat
492 1411 625 1496 pedibus
640 1415 763 1475 tentare
777 1409 949 1494 profundas
982 1419 987 1426 '

319 1521 454 1600 Glaeies,
468 1522 526 1586 ubi
539 1520 667 1605 elephas
681 1521 803 1606 integer
924 1599 929 1610 ¹

231 1633 391 1697 ¹Conditor
404 1633 555 1710 hirsutus,
569 1632 733 1716 primaeva
747 1633 850 1716 qualis
863 1633 900 1697 in
914 1633 1001 1698 undis

319 1744 448 1808 interiit
461 1744 574 1829 ingens
588 1745 702 1810 bellua

156 1855 190 1922 7.
236 1853 291 1918 Sol
305 1854 383 1918 dum
397 1855 482 1920 olere
495 1856 562 1940 poli
575 1856 743 1940 tranquilli
758 1857 883 1922 coerula
895 1857 1011 1924 lustrat

316 1965 449 2030 blooteis
464 1965 596 2049 diesque
609 1965 744 2050 pervigil
756 1989 765 2044 ;

232 2077 416 2155 Vaccatum,
431 2082 555 2162 praeter
568 2082 699 2142 venetas
714 2079 927 2161 spectabimus
941 2081 1051 2160 undas,

318 2188 436 2273 Gregee
451 2188 589 2252 marinos
602 2188 778 2272 grandium

154 2302 204 2364 8.·
234 2300 348 2364 Lustra
361 2298 494 2382 lupique
507 2299 653 2383 nigrique
667 2298 734 2362 ursi
747 2298 938 2382 linquamus,
952 2300 988 2365 in
1003 2303 1064 2368 oris

318 2410 399 2473 Pino
415 2408 524 2474 severd
537 2409 686 2488 consitis;

230 2522 339 2606 Atque
353 2521 411 2585 ubi
424 2520 563 2585 vallatur
576 2518 736 2584 nebulosis
751 2519 857 2584 insula
871 2521 964 2601 saxis,

315 2635 479 2698 Venemur
492 2632 636 2696 Arotiees
651 2631 744 2695 aveis.

155 2747 187 2808 9.
233 2745 414 2808 Pennarum
429 2743 578 2808 exsilient
593 2746 778 2806 sexcentum
791 2741 901 2821 millia,
918 2749 950 2808 et
964 2744 1029 2808 aori

316 2856 457 2920 Stridore
469 2859 597 2919 venant
610 2859 703 2918 itera:

231 2969 340 3052 Longa
353 2966 498 3032 brevisve
513 2966 587 3044 alas,
602 2965 666 3029 nisi
679 2985 759 3048 ques
772 2965 933 3050 pinguedd
947 2973 1103 3055 gravatur,

315 3080 388 3144 Cito
401 3078 523 3144 volabit
536 3079 667 3161 impetu

131 3193 187 3256 10.
233 3190 314 3269 Illic,
329 3187 497 3276 tranquilli
509 3209 567 3274 per
580 3194 672 3253 vasta
685 3187 814 3253 silentia
828 3189 914 3268 caeli,

316 3302 467 3385 Intraque
481 3301 559 3366 dum
572 3301 669 3366 tellus
683 3300 763 3380 silet,

232 3413 416 3499 Contigerit‚
431 3414 550 3478 tristeis
564 3413 689 3497 aquilae
703 3419 845 3498 spectare
858 3423 1016 3500 regressus

312 3525 367 3590 Ad
381 3547 459 3592 serre
473 3525 620 3591 solitaria

134 3637 186 3700 11.
231 3636 292 3701 llel
305 3637 386 3721 pede
401 3657 554 3721 suspenso
568 3636 746 3722 gradientes
760 3635 906 3716 molliter,
921 3635 1011 3704 intus

314 3749 442 3814 Secreta
453 3755 577 3833 praeter
591 3749 731 3828 firmina,
