2752 4258
615 293 663 360 29

100 523 160 586 13.
200 521 309 586 Mollis
325 541 468 604 quaeque
483 526 516 585 et
529 513 648 604 pulcra,
663 521 873 606 hyacinthina
887 527 955 593 sive
970 529 1105 596 colorem

284 632 341 711 Sit,
357 630 424 696 sive
438 631 568 696 viridis:
590 632 675 696 inter
688 633 746 698 has

197 745 304 809 Floras
319 727 438 808 stellati
453 748 651 826 sparguntur,
667 749 700 808 et
714 765 809 810 aurea
823 747 938 818 culmi.

259 841 270 864 ⁸
286 856 444 919 Contenta
457 853 512 918 fila
525 853 664 936 plurimi

101 1081 154 1143 14.
184 1121 187 1128 ,
201 1079 263 1142 Ast
278 1078 361 1162 agite
376 1077 403 1142 O
419 1103 425 1142 :
448 1099 577 1162 superas
592 1079 691 1161 petite
706 1101 805 1146 auras.
851 1083 1033 1168 Prodigiosa

285 1189 371 1252 Nam
384 1194 533 1266 monstra,
548 1188 688 1272 nigranti
701 1195 782 1269 cute,

200 1301 264 1364 Hic
278 1299 505 1378 revolutantur,
520 1299 680 1379 deformia,
696 1323 807 1380 crassa,
822 1303 986 1370 octrlorum

288 1409 399 1474 Globis
413 1411 551 1474 nefanda
565 1412 694 1476 corneis.
781 1433 784 1438 ·

103 1524 155 1585 15.
201 1521 340 1584 Dorsum
354 1540 521 1584 verrucosa
535 1518 627 1597 notis,
643 1520 810 1605 spinosavc
824 1523 948 1607 pinnas,

287 1632 411 1696 Serrata
425 1631 549 1696 dentcis
564 1653 676 1710 osseos,

201 1745 365 1826 Quotquot
380 1743 447 1806 sive
462 1763 590 1807 corusca
604 1743 722 1826 vigent,
737 1765 794 1809 seu
807 1744 940 1812 flaccida
953 1752 1087 1831 torpent,

288 1857 359 1919 Hoc
373 1856 520 1919 infimum
534 1855 689 1920 infestant
701 1876 804 1932 mare„

63 1975 67 1982 '
107 1971 156 2032 16.
204 1970 307 2045 Quare
322 1969 406 2052 agite
421 1968 467 2032 ΟΞ
489 1988 640 2050 superum
653 1968 754 2051 petite
764 1975 854 2048 aera3
869 1968 1015 2053 respicite
1031 1969 1107 2034 auria

286 2079 415 2143 Altaria
427 2078 541 2144 mobili
554 2078 644 2156 vada,
789 2061 792 2070 ¹

202 2191 303 2256 Piscis
318 2191 374 2255 ubi
388 2191 590 2257 exsulitantis
606 2193 646 2256 ab
661 2193 748 2257 unda
762 2213 894 2276 squama
908 2200 1058 2273 conuscat,

287 2303 471 2386 Hilarisque
485 2307 591 2368 cursat
605 2302 755 2368 nautilus.

105 2529 156 2595 17.
204 2525 292 2590 Illud
307 2527 362 2590 sed
377 2526 455 2610 quid
470 2525 557 2590 enim
571 2529 644 2590 estl
689 2525 783 2590 Terra
797 2529 863 2605 est;
887 2525 943 2590 “0
958 2529 1066 2605 terra‚'’

287 2639 390 2702 Verbo
407 2638 593 2714 accinentes,
608 2636 743 2700 navitae.
976 2614 1169 2697 lresslamassl

203 2751 333 2815 “Immo
347 2775 353 2814 :
376 2750 432 2814 sed
446 2749 530 2813 nihil
544 2754 592 2813 est
606 2748 670 2812 nisi
683 2748 779 2832 longa
792 2752 990 2833 augrrstaque
1004 2750 1112 2828 nubea,

288 2863 376 2939 Quae
390 2861 515 2926 dividat
529 2859 652 2924 coelum
666 2880 686 2924 a
698 2858 805 2924 mari.”

106 2977 157 3038 18,
204 2973 267 3038 Sed
282 2981 298 3005 “
307 2974 421 3037 Terra''
436 2971 635 3056 ingeminant
648 2970 784 3036 iterum:
806 2991 883 3034 mox
897 2970 997 3054 spirat
1010 2971 1046 3034 in
1060 2971 1161 3036 altum

287 3084 451 3167 Tanquam
465 3082 608 3152 salutans
622 3080 771 3165 hospites,
917 3155 919 3161 ,

203 3195 313 3272 Qualis
328 3195 404 3259 odor
418 3193 530 3278 pelago
544 3214 610 3257 non
624 3192 785 3276 gignitur3
809 3214 947 3280 auraque
961 3195 1002 3260 ab
1016 3194 1086 3278 ipsis
1116 3199 1121 3210 '

287 3305 412 3370 Tellure
425 3305 501 3370 viva
514 3324 689 3388 promeans.

108 3419 159 3481 19.
204 3417 359 3501 Purpurei
372 3421 505 3494 montes,
521 3415 683 3500 surgentia
696 3413 812 3493 littora,
827 3421 861 3481 et
873 3403 962 3500 ipsae
1075 3499 1079 3505 ἢ

287 3528 411 3593 Passim
425 3532 578 3594 notantur
591 3527 724 3592 arbores.

203 3641 275 3706 Illic
289 3661 349 3704 nae
362 3639 448 3724 regio
462 3639 553 3704 floret
566 3638 775 3723 pulcerrima3
800 3637 899 3717 credo,

287 3751 386 3816 Beata
400 3751 489 3818 sedes
504 3751 625 3818 incolis.
