<?xml version="1.0" encoding="UTF-8"?>
<!DOCTYPE html PUBLIC "-//W3C//DTD XHTML 1.0 Transitional//EN"
    "http://www.w3.org/TR/xhtml1/DTD/xhtml1-transitional.dtd">
<html xmlns="http://www.w3.org/1999/xhtml" xml:lang="en" lang="en">
 <head>
  <title>
</title>
<meta http-equiv="Content-Type" content="text/html;charset=utf-8" />
  <meta name='ocr-system' content='tesseract 3.04.00' />
  <meta name='ocr-capabilities' content='ocr_page ocr_carea ocr_par ocr_line ocrx_word'/>
</head>
<body>
  <div class='ocr_page' id='page_1' title='image "./translationseng00newmgoog_0118.png"; bbox 0 0 2730 4256; ppageno 0'>
   <div class='ocr_carea' id='block_1_1' title="bbox 605 274 654 354">
    <p class='ocr_par' dir='ltr' id='par_1_1' title="bbox 605 274 654 354">
     <span class='ocr_line' id='line_1_1' title="bbox 605 274 654 354; baseline 0.184 -9"><span class='ocrx_word' id='word_1_1' title='bbox 605 274 654 354; x_wconf 84' lang='grc'><strong>97</strong></span> 
     </span>
    </p>
   </div>
   <div class='ocr_carea' id='block_1_2' title="bbox 261 508 881 1372">
    <p class='ocr_par' dir='ltr' id='par_1_2' title="bbox 261 508 843 808">
     <span class='ocr_line' id='line_1_2' title="bbox 261 508 843 592; baseline -0.01 -18"><span class='ocrx_word' id='word_1_2' title='bbox 261 509 291 574; x_wconf 65' lang='lat'>4</span> <span class='ocrx_word' id='word_1_3' title='bbox 335 508 445 592; x_wconf 81' lang='lat' dir='ltr'><strong>Atque</strong></span> <span class='ocrx_word' id='word_1_4' title='bbox 459 511 498 570; x_wconf 92' lang='lat' dir='ltr'><strong>ut</strong></span> <span class='ocrx_word' id='word_1_5' title='bbox 511 528 569 591; x_wconf 89' lang='lat' dir='ltr'><strong>per</strong></span> <span class='ocrx_word' id='word_1_6' title='bbox 582 529 668 572; x_wconf 83' lang='lat' dir='ltr'><strong>mare</strong></span> <span class='ocrx_word' id='word_1_7' title='bbox 683 508 811 574; x_wconf 81' lang='lat' dir='ltr'><strong>navitae</strong></span> <span class='ocrx_word' id='word_1_8' title='bbox 840 562 843 568; x_wconf 24' lang='lat'><strong>⁴</strong></span> 
     </span>
     <span class='ocr_line' id='line_1_3' title="bbox 333 618 769 702; baseline 0.005 -21"><span class='ocrx_word' id='word_1_9' title='bbox 333 618 498 702; x_wconf 85' lang='lat' dir='ltr'><strong>Frigidum</strong></span> <span class='ocrx_word' id='word_1_10' title='bbox 512 639 667 683; x_wconf 83' lang='lat' dir='ltr'><strong>memores</strong></span> <span class='ocrx_word' id='word_1_11' title='bbox 682 619 769 684; x_wconf 85' lang='lat' dir='ltr'><strong>viam</strong></span> 
     </span>
     <span class='ocr_line' id='line_1_4' title="bbox 335 729 773 808; baseline 0 -14"><span class='ocrx_word' id='word_1_12' title='bbox 335 729 548 794; x_wconf 83' lang='lat' dir='ltr'><strong>Oonseribunt</strong></span> <span class='ocrx_word' id='word_1_13' title='bbox 561 729 699 808; x_wconf 86' lang='lat' dir='ltr'><strong>dubiam,</strong></span> <span class='ocrx_word' id='word_1_14' title='bbox 715 746 773 796; x_wconf 87' lang='lat' dir='ltr'><strong>suo</strong></span> 
     </span>
    </p>

    <p class='ocr_par' dir='ltr' id='par_1_3' title="bbox 277 840 881 1372">
     <span class='ocr_line' id='line_1_5' title="bbox 377 840 725 906; baseline 0.003 -2"><span class='ocrx_word' id='word_1_15' title='bbox 377 840 480 905; x_wconf 81' lang='lat' dir='ltr'><strong>Ducti</strong></span> <span class='ocrx_word' id='word_1_16' title='bbox 494 840 596 905; x_wconf 83' lang='lat' dir='ltr'><strong>sidere</strong></span> <span class='ocrx_word' id='word_1_17' title='bbox 611 861 703 906; x_wconf 72' lang='lat' dir='ltr'><strong>caeco</strong></span> <span class='ocrx_word' id='word_1_18' title='bbox 718 865 725 905; x_wconf 93' lang='lat'><strong>:</strong></span> 
     </span>
     <span class='ocr_line' id='line_1_6' title="bbox 335 951 806 1036; baseline 0.004 -21"><span class='ocrx_word' id='word_1_19' title='bbox 335 951 394 1030; x_wconf 82' lang='lat' dir='ltr'><strong>Sic,</strong></span> <span class='ocrx_word' id='word_1_20' title='bbox 410 974 492 1036; x_wconf 86' lang='lat' dir='ltr'><strong>quae</strong></span> <span class='ocrx_word' id='word_1_21' title='bbox 508 953 703 1017; x_wconf 82' lang='lat' dir='ltr'><strong>condiderim</strong></span> <span class='ocrx_word' id='word_1_22' title='bbox 716 952 806 1030; x_wconf 83' lang='lat' dir='ltr'><strong>libro,</strong></span> 
     </span>
     <span class='ocr_line' id='line_1_7' title="bbox 334 1063 803 1148; baseline 0.004 -22"><span class='ocrx_word' id='word_1_23' title='bbox 334 1063 462 1142; x_wconf 79' lang='lat' dir='ltr'><strong>Dicant,</strong></span> <span class='ocrx_word' id='word_1_24' title='bbox 478 1063 575 1148; x_wconf 72' lang='lat' dir='ltr'><strong>qutm</strong></span> <span class='ocrx_word' id='word_1_25' title='bbox 589 1063 705 1128; x_wconf 78' lang='lat' dir='ltr'><strong>validis</strong></span> <span class='ocrx_word' id='word_1_26' title='bbox 720 1065 803 1128; x_wconf 82' lang='lat' dir='ltr'><strong>ferar</strong></span> 
     </span>
     <span class='ocr_line' id='line_1_8' title="bbox 277 1174 881 1259; baseline 0.002 -20"><span class='ocrx_word' id='word_1_27' title='bbox 277 1174 280 1180; x_wconf 75' lang='grc'><strong>’</strong></span> <span class='ocrx_word' id='word_1_28' title='bbox 335 1175 467 1255; x_wconf 82' lang='lat' dir='ltr'><strong>Ventis3</strong></span> <span class='ocrx_word' id='word_1_29' title='bbox 491 1175 569 1239; x_wconf 91' lang='lat' dir='ltr'><strong>dum</strong></span> <span class='ocrx_word' id='word_1_30' title='bbox 583 1196 640 1259; x_wconf 89' lang='lat' dir='ltr'><strong>per</strong></span> <span class='ocrx_word' id='word_1_31' title='bbox 653 1180 804 1259; x_wconf 80' lang='lat' dir='ltr'><strong>opacetu</strong></span> <span class='ocrx_word' id='word_1_32' title='bbox 873 1229 881 1250; x_wconf 86' lang='lat'>‚</span> 
     </span>
     <span class='ocr_line' id='line_1_9' title="bbox 379 1287 846 1372; baseline 0 -20"><span class='ocrx_word' id='word_1_33' title='bbox 379 1287 470 1352; x_wconf 77' lang='lat' dir='ltr'><strong>(ilem</strong></span> <span class='ocrx_word' id='word_1_34' title='bbox 484 1287 597 1372; x_wconf 82' lang='lat' dir='ltr'><strong>praeis,</strong></span> <span class='ocrx_word' id='word_1_35' title='bbox 611 1287 703 1353; x_wconf 85' lang='lat' dir='ltr'><strong>velut</strong></span> <span class='ocrx_word' id='word_1_36' title='bbox 716 1291 846 1354; x_wconf 81' lang='lat' dir='ltr'><strong>astrum</strong></span> 
     </span>
    </p>
   </div>
   <div class='ocr_carea' id='block_1_3' title="bbox 569 1533 684 1617">
    <p class='ocr_par' dir='ltr' id='par_1_4' title="bbox 569 1533 684 1617">
     <span class='ocr_line' id='line_1_10' title="bbox 569 1533 684 1617; baseline 0 0"><span class='ocrx_word' id='word_1_37' title='bbox 569 1533 684 1617; x_wconf 89' lang='lat'>[40]</span> 
     </span>
    </p>
   </div>
   <div class='ocr_carea' id='block_1_4' title="bbox 99 1726 1050 2261">
    <p class='ocr_par' dir='ltr' id='par_1_5' title="bbox 99 1726 1050 2150">
     <span class='ocr_line' id='line_1_11' title="bbox 99 1726 1050 1816; baseline 0.004 -26"><span class='ocrx_word' id='word_1_38' title='bbox 99 1731 123 1790; x_wconf 87' lang='lat'><strong>1.</strong></span> <span class='ocrx_word' id='word_1_39' title='bbox 166 1731 302 1794; x_wconf 68' lang='lat' dir='ltr'><strong>(inunum</strong></span> <span class='ocrx_word' id='word_1_40' title='bbox 316 1749 512 1813; x_wconf 87' lang='lat' dir='ltr'><strong>purpureum</strong></span> <span class='ocrx_word' id='word_1_41' title='bbox 526 1729 616 1807; x_wconf 90' lang='lat' dir='ltr'><strong>nitet,</strong></span> <span class='ocrx_word' id='word_1_42' title='bbox 636 1726 642 1816; x_wconf 65' lang='lat' dir='ltr'><strong>i</strong></span> <span class='ocrx_word' id='word_1_43' title='bbox 661 1729 739 1794; x_wconf 91' lang='lat' dir='ltr'><strong>dum</strong></span> <span class='ocrx_word' id='word_1_44' title='bbox 754 1729 872 1794; x_wconf 88' lang='lat' dir='ltr'><strong>dormit</strong></span> <span class='ocrx_word' id='word_1_45' title='bbox 884 1751 957 1796; x_wconf 84' lang='lat' dir='ltr'><strong>mea</strong></span> <span class='ocrx_word' id='word_1_46' title='bbox 971 1749 1050 1806; x_wconf 82' lang='lat' dir='ltr'><strong>uere,</strong></span> 
     </span>
     <span class='ocr_line' id='line_1_12' title="bbox 164 1837 1027 1927; baseline -0.001 -23"><span class='ocrx_word' id='word_1_47' title='bbox 164 1841 262 1923; x_wconf 82' lang='lat' dir='ltr'><strong>Oujus</strong></span> <span class='ocrx_word' id='word_1_48' title='bbox 278 1838 363 1903; x_wconf 83' lang='lat' dir='ltr'><strong>alme</strong></span> <span class='ocrx_word' id='word_1_49' title='bbox 376 1845 483 1904; x_wconf 88' lang='lat' dir='ltr'><strong>torum</strong></span> <span class='ocrx_word' id='word_1_50' title='bbox 498 1840 609 1904; x_wconf 85' lang='lat' dir='ltr'><strong>fovens</strong></span> <span class='ocrx_word' id='word_1_51' title='bbox 629 1837 634 1927; x_wconf 83' lang='grc' dir='ltr'>Ι</span> <span class='ocrx_word' id='word_1_52' title='bbox 653 1860 775 1923; x_wconf 85' lang='lat' dir='ltr'>pernox</span> <span class='ocrx_word' id='word_1_53' title='bbox 789 1840 868 1906; x_wconf 85' lang='lat' dir='ltr'><strong>luna</strong></span> <span class='ocrx_word' id='word_1_54' title='bbox 882 1840 1027 1925; x_wconf 80' lang='lat' dir='ltr'><strong>quiescit</strong></span> 
     </span>
     <span class='ocr_line' id='line_1_13' title="bbox 163 1948 1040 2037; baseline 0 -21"><span class='ocrx_word' id='word_1_55' title='bbox 163 1951 256 2016; x_wconf 85' lang='lat' dir='ltr'><strong>Lenis</strong></span> <span class='ocrx_word' id='word_1_56' title='bbox 271 1954 367 2014; x_wconf 83' lang='lat' dir='ltr'><strong>nure!</strong></span> <span class='ocrx_word' id='word_1_57' title='bbox 388 1971 446 2034; x_wconf 88' lang='lat' dir='ltr'><strong>per</strong></span> <span class='ocrx_word' id='word_1_58' title='bbox 459 1951 592 2028; x_wconf 84' lang='lat' dir='ltr'><strong>arbores,</strong></span> <span class='ocrx_word' id='word_1_59' title='bbox 613 1948 618 2037; x_wconf 91' lang='grc' dir='ltr'>Ι</span> <span class='ocrx_word' id='word_1_60' title='bbox 638 1951 715 2017; x_wconf 89' lang='lat' dir='ltr'><strong>dum</strong></span> <span class='ocrx_word' id='word_1_61' title='bbox 729 1951 847 2016; x_wconf 79' lang='lat' dir='ltr'><strong>dormit</strong></span> <span class='ocrx_word' id='word_1_62' title='bbox 860 1973 933 2018; x_wconf 80' lang='lat' dir='ltr'><strong>meu</strong></span> <span class='ocrx_word' id='word_1_63' title='bbox 960 1971 1040 2028; x_wconf 82' lang='lat' dir='ltr'><strong>care,</strong></span> 
     </span>
     <span class='ocr_line' id='line_1_14' title="bbox 163 2061 1050 2150; baseline -0.001 -21"><span class='ocrx_word' id='word_1_64' title='bbox 163 2063 290 2129; x_wconf 85' lang='lat' dir='ltr'><strong>Leniter</strong></span> <span class='ocrx_word' id='word_1_65' title='bbox 302 2085 451 2128; x_wconf 86' lang='lat' dir='ltr'><strong>numeros</strong></span> <span class='ocrx_word' id='word_1_66' title='bbox 465 2084 569 2148; x_wconf 89' lang='lat' dir='ltr'><strong>reper-</strong></span> <span class='ocrx_word' id='word_1_67' title='bbox 589 2061 594 2150; x_wconf 85' lang='grc' dir='ltr'>Ι</span> <span class='ocrx_word' id='word_1_68' title='bbox 613 2083 728 2142; x_wconf 78' lang='lat' dir='ltr'><strong>cuseos,</strong></span> <span class='ocrx_word' id='word_1_69' title='bbox 743 2068 839 2130; x_wconf 77' lang='lat' dir='ltr'><strong>aurat</strong></span> <span class='ocrx_word' id='word_1_70' title='bbox 860 2083 948 2130; x_wconf 81' lang='lat' dir='ltr'><strong>meos</strong></span> <span class='ocrx_word' id='word_1_71' title='bbox 961 2061 1050 2140; x_wconf 82' lang='lat' dir='ltr'><strong>vehe,</strong></span> 
     </span>
    </p>

    <p class='ocr_par' dir='ltr' id='par_1_6' title="bbox 315 2175 696 2261">
     <span class='ocr_line' id='line_1_15' title="bbox 315 2175 696 2261; baseline 0.005 -21"><span class='ocrx_word' id='word_1_72' title='bbox 315 2195 318 2200; x_wconf 87' lang='lat'>·</span> <span class='ocrx_word' id='word_1_73' title='bbox 333 2175 529 2240; x_wconf 73' lang='lat' dir='ltr'><strong>oblectatum</strong></span> <span class='ocrx_word' id='word_1_74' title='bbox 544 2197 696 2261; x_wconf 83' lang='lat' dir='ltr'><strong>soporem.</strong></span> 
     </span>
    </p>
   </div>
   <div class='ocr_carea' id='block_1_5' title="bbox 98 2397 1158 2910">
    <p class='ocr_par' dir='ltr' id='par_1_7' title="bbox 98 2397 1158 2910">
     <span class='ocr_line' id='line_1_16' title="bbox 98 2397 1137 2488; baseline 0.001 -26"><span class='ocrx_word' id='word_1_75' title='bbox 98 2401 122 2463; x_wconf 81' lang='lat'><strong>2.</strong></span> <span class='ocrx_word' id='word_1_76' title='bbox 164 2401 198 2466; x_wconf 87' lang='lat' dir='ltr'><strong>Si</strong></span> <span class='ocrx_word' id='word_1_77' title='bbox 211 2421 277 2478; x_wconf 78' lang='lat' dir='ltr'>vos,</span> <span class='ocrx_word' id='word_1_78' title='bbox 294 2398 453 2464; x_wconf 82' lang='lat' dir='ltr'><strong>earmina!</strong></span> <span class='ocrx_word' id='word_1_79' title='bbox 474 2405 604 2484; x_wconf 85' lang='lat' dir='ltr'><strong>propter</strong></span> <span class='ocrx_word' id='word_1_80' title='bbox 617 2400 700 2466; x_wconf 84' lang='lat' dir='ltr'><strong>hane</strong></span> <span class='ocrx_word' id='word_1_81' title='bbox 719 2397 725 2488; x_wconf 78' lang='grc' dir='ltr'>Ι</span> <span class='ocrx_word' id='word_1_82' title='bbox 744 2421 827 2485; x_wconf 83' lang='lat' dir='ltr'><strong>quae</strong></span> <span class='ocrx_word' id='word_1_83' title='bbox 841 2397 997 2484; x_wconf 79' lang='lat' dir='ltr'><strong>spirantia</strong></span> <span class='ocrx_word' id='word_1_84' title='bbox 1009 2404 1137 2475; x_wconf 83' lang='lat' dir='ltr'><strong>texe,-</strong></span> 
     </span>
     <span class='ocr_line' id='line_1_17' title="bbox 163 2509 932 2598; baseline 0 -22"><span class='ocrx_word' id='word_1_85' title='bbox 163 2513 196 2576; x_wconf 79' lang='lat' dir='ltr'><strong>si</strong></span> <span class='ocrx_word' id='word_1_86' title='bbox 211 2511 337 2577; x_wconf 80' lang='lat' dir='ltr'><strong>ciebitis</strong></span> <span class='ocrx_word' id='word_1_87' title='bbox 353 2532 371 2576; x_wconf 92' lang='lat' dir='ltr'><strong>e</strong></span> <span class='ocrx_word' id='word_1_88' title='bbox 385 2532 503 2594; x_wconf 87' lang='lat' dir='ltr'><strong>sopore,</strong></span> <span class='ocrx_word' id='word_1_89' title='bbox 524 2509 529 2598; x_wconf 64' lang='lat' dir='ltr'><strong>i</strong></span> <span class='ocrx_word' id='word_1_90' title='bbox 548 2511 652 2576; x_wconf 82' lang='lat' dir='ltr'><strong>omnis</strong></span> <span class='ocrx_word' id='word_1_91' title='bbox 664 2512 755 2576; x_wconf 86' lang='lat' dir='ltr'><strong>corde</strong></span> <span class='ocrx_word' id='word_1_92' title='bbox 771 2510 893 2582; x_wconf 82' lang='lat' dir='ltr'><strong>dolebo.</strong></span> <span class='ocrx_word' id='word_1_93' title='bbox 930 2549 932 2554; x_wconf 88' lang='lat'><em>·</em></span> 
     </span>
     <span class='ocr_line' id='line_1_18' title="bbox 161 2620 1080 2710; baseline -0.003 -22"><span class='ocrx_word' id='word_1_94' title='bbox 161 2622 251 2688; x_wconf 77' lang='lat' dir='ltr'><strong>Aurt</strong></span> <span class='ocrx_word' id='word_1_95' title='bbox 263 2622 419 2706; x_wconf 70' lang='lat' dir='ltr'><strong>insurgite</strong></span> <span class='ocrx_word' id='word_1_96' title='bbox 433 2621 591 2707; x_wconf 56' lang='lat' dir='ltr'><strong>languidi„</strong></span> <span class='ocrx_word' id='word_1_97' title='bbox 612 2620 617 2710; x_wconf 80' lang='grc' dir='ltr'>Ι</span> <span class='ocrx_word' id='word_1_98' title='bbox 635 2622 772 2708; x_wconf 80' lang='lat' dir='ltr'><strong>illasque</strong></span> <span class='ocrx_word' id='word_1_99' title='bbox 786 2623 903 2688; x_wconf 83' lang='lat' dir='ltr'><strong>intrate</strong></span> <span class='ocrx_word' id='word_1_100' title='bbox 918 2623 1080 2688; x_wconf 83' lang='lat' dir='ltr'><strong>fenestras.</strong></span> 
     </span>
     <span class='ocr_line' id='line_1_19' title="bbox 163 2731 1158 2822; baseline -0.002 -24"><span class='ocrx_word' id='word_1_101' title='bbox 163 2735 239 2800; x_wconf 76' lang='lat' dir='ltr'><strong>illes</strong></span> <span class='ocrx_word' id='word_1_102' title='bbox 254 2734 375 2798; x_wconf 83' lang='lat' dir='ltr'><strong>vincite</strong></span> <span class='ocrx_word' id='word_1_103' title='bbox 388 2734 542 2817; x_wconf 71' lang='lat' dir='ltr'><strong>pepulos:</strong></span> <span class='ocrx_word' id='word_1_104' title='bbox 562 2731 567 2822; x_wconf 69' lang='grc' dir='ltr'>Ι</span> <span class='ocrx_word' id='word_1_105' title='bbox 585 2755 705 2813; x_wconf 84' lang='lat' dir='ltr'><strong>verum,</strong></span> <span class='ocrx_word' id='word_1_106' title='bbox 727 2740 766 2802; x_wconf 90' lang='lat' dir='ltr'><strong>ut</strong></span> <span class='ocrx_word' id='word_1_107' title='bbox 778 2735 914 2802; x_wconf 79' lang='lat' dir='ltr'><strong>bombus</strong></span> <span class='ocrx_word' id='word_1_108' title='bbox 929 2755 1026 2819; x_wconf 86' lang='lat' dir='ltr'><strong>apum</strong></span> <span class='ocrx_word' id='word_1_109' title='bbox 1040 2732 1158 2817; x_wconf 83' lang='lat' dir='ltr'><strong>procul,</strong></span> 
     </span>
     <span class='ocr_line' id='line_1_20' title="bbox 333 2844 625 2910; baseline 0.003 -1"><span class='ocrx_word' id='word_1_110' title='bbox 333 2844 401 2909; x_wconf 87' lang='lat' dir='ltr'><strong>leni</strong></span> <span class='ocrx_word' id='word_1_111' title='bbox 414 2846 490 2910; x_wconf 84' lang='lat' dir='ltr'><strong>flate</strong></span> <span class='ocrx_word' id='word_1_112' title='bbox 505 2865 625 2910; x_wconf 79' lang='lat' dir='ltr'><strong>canore.</strong></span> 
     </span>
    </p>
   </div>
   <div class='ocr_carea' id='block_1_6' title="bbox 100 3065 1171 3598">
    <p class='ocr_par' dir='ltr' id='par_1_8' title="bbox 100 3065 1171 3489">
     <span class='ocr_line' id='line_1_21' title="bbox 100 3065 1171 3156; baseline -0.001 -25"><span class='ocrx_word' id='word_1_113' title='bbox 100 3071 124 3131; x_wconf 88' lang='lat'><strong>3.</strong></span> <span class='ocrx_word' id='word_1_114' title='bbox 165 3070 204 3133; x_wconf 93' lang='lat' dir='ltr'><strong>In</strong></span> <span class='ocrx_word' id='word_1_115' title='bbox 219 3069 306 3134; x_wconf 81' lang='lat' dir='ltr'><strong>caelo</strong></span> <span class='ocrx_word' id='word_1_116' title='bbox 320 3068 456 3132; x_wconf 80' lang='lat' dir='ltr'><strong>rutilent</strong></span> <span class='ocrx_word' id='word_1_117' title='bbox 470 3067 567 3152; x_wconf 75' lang='lat' dir='ltr'><strong>suprt</strong></span> <span class='ocrx_word' id='word_1_118' title='bbox 585 3065 590 3156; x_wconf 86' lang='grc' dir='ltr'>Ι</span> <span class='ocrx_word' id='word_1_119' title='bbox 610 3073 725 3134; x_wconf 78' lang='lat' dir='ltr'><strong>cuneta</strong></span> <span class='ocrx_word' id='word_1_120' title='bbox 740 3073 797 3134; x_wconf 86' lang='lat' dir='ltr'><strong>en!</strong></span> <span class='ocrx_word' id='word_1_121' title='bbox 820 3072 904 3134; x_wconf 81' lang='lat' dir='ltr'><strong>astru</strong></span> <span class='ocrx_word' id='word_1_122' title='bbox 918 3069 1072 3152; x_wconf 79' lang='lat' dir='ltr'><strong>superbo:</strong></span> <span class='ocrx_word' id='word_1_123' title='bbox 1165 3087 1171 3097; x_wconf 85' lang='grc'><em>·</em></span> 
     </span>
     <span class='ocr_line' id='line_1_22' title="bbox 164 3177 1052 3267; baseline -0.002 -23"><span class='ocrx_word' id='word_1_124' title='bbox 164 3182 289 3244; x_wconf 88' lang='lat' dir='ltr'><strong>Horum</strong></span> <span class='ocrx_word' id='word_1_125' title='bbox 302 3201 411 3244; x_wconf 83' lang='lat' dir='ltr'><strong>rursus</strong></span> <span class='ocrx_word' id='word_1_126' title='bbox 425 3179 580 3264; x_wconf 86' lang='lat' dir='ltr'><strong>imagines</strong></span> <span class='ocrx_word' id='word_1_127' title='bbox 599 3177 604 3267; x_wconf 86' lang='grc' dir='ltr'>Ι</span> <span class='ocrx_word' id='word_1_128' title='bbox 622 3180 711 3245; x_wconf 86' lang='lat' dir='ltr'><strong>lento</strong></span> <span class='ocrx_word' id='word_1_129' title='bbox 725 3180 761 3244; x_wconf 92' lang='lat' dir='ltr'><strong>in</strong></span> <span class='ocrx_word' id='word_1_130' title='bbox 774 3179 907 3245; x_wconf 88' lang='lat' dir='ltr'><strong>flumine</strong></span> <span class='ocrx_word' id='word_1_131' title='bbox 920 3179 1052 3264; x_wconf 80' lang='lat' dir='ltr'><strong>fulgent.</strong></span> 
     </span>
     <span class='ocr_line' id='line_1_23' title="bbox 164 3289 1033 3379; baseline 0.002 -25"><span class='ocrx_word' id='word_1_132' title='bbox 164 3291 257 3357; x_wconf 81' lang='lat' dir='ltr'><strong>Lenis</strong></span> <span class='ocrx_word' id='word_1_133' title='bbox 271 3296 368 3356; x_wconf 81' lang='lat' dir='ltr'><strong>aurat</strong></span> <span class='ocrx_word' id='word_1_134' title='bbox 388 3311 489 3369; x_wconf 87' lang='lat' dir='ltr'><strong>move,</strong></span> <span class='ocrx_word' id='word_1_135' title='bbox 504 3311 605 3369; x_wconf 80' lang='lat' dir='ltr'><strong>move,</strong></span> <span class='ocrx_word' id='word_1_136' title='bbox 625 3289 631 3379; x_wconf 89' lang='grc' dir='ltr'>Ι</span> <span class='ocrx_word' id='word_1_137' title='bbox 650 3313 709 3356; x_wconf 87' lang='lat' dir='ltr'><strong>nee</strong></span> <span class='ocrx_word' id='word_1_138' title='bbox 723 3292 843 3358; x_wconf 88' lang='lat' dir='ltr'><strong>nubem</strong></span> <span class='ocrx_word' id='word_1_139' title='bbox 856 3290 945 3370; x_wconf 82' lang='lat' dir='ltr'><strong>vehe,</strong></span> <span class='ocrx_word' id='word_1_140' title='bbox 961 3309 1033 3356; x_wconf 82' lang='lat' dir='ltr'><strong>cere</strong></span> 
     </span>
     <span class='ocr_line' id='line_1_24' title="bbox 167 3398 1091 3489; baseline -0.002 -23"><span class='ocrx_word' id='word_1_141' title='bbox 167 3403 257 3468; x_wconf 81' lang='lat' dir='ltr'><strong>Clara</strong></span> <span class='ocrx_word' id='word_1_142' title='bbox 270 3401 396 3470; x_wconf 78' lang='lat' dir='ltr'><strong>luminu</strong></span> <span class='ocrx_word' id='word_1_143' title='bbox 410 3401 593 3466; x_wconf 77' lang='lat' dir='ltr'><strong>condttum:</strong></span> <span class='ocrx_word' id='word_1_144' title='bbox 613 3398 618 3489; x_wconf 86' lang='grc' dir='ltr'>Ι</span> <span class='ocrx_word' id='word_1_145' title='bbox 637 3423 697 3467; x_wconf 83' lang='lat' dir='ltr'><strong>nee</strong></span> <span class='ocrx_word' id='word_1_146' title='bbox 710 3402 808 3468; x_wconf 83' lang='lat' dir='ltr'><strong>Zeree</strong></span> <span class='ocrx_word' id='word_1_147' title='bbox 823 3400 908 3486; x_wconf 84' lang='lat' dir='ltr'><strong>eripe</strong></span> <span class='ocrx_word' id='word_1_148' title='bbox 922 3401 1091 3478; x_wconf 86' lang='lat' dir='ltr'><strong>somnium,</strong></span> 
     </span>
    </p>

    <p class='ocr_par' dir='ltr' id='par_1_9' title="bbox 336 3513 752 3598">
     <span class='ocr_line' id='line_1_25' title="bbox 336 3513 752 3598; baseline 0.007 -20"><span class='ocrx_word' id='word_1_149' title='bbox 336 3519 491 3598; x_wconf 81' lang='lat' dir='ltr'><strong>tanquam</strong></span> <span class='ocrx_word' id='word_1_150' title='bbox 505 3513 609 3580; x_wconf 82' lang='lat' dir='ltr'><strong>sideru</strong></span> <span class='ocrx_word' id='word_1_151' title='bbox 623 3514 752 3581; x_wconf 77' lang='lat' dir='ltr'><strong>clarum</strong></span> 
     </span>
    </p>
   </div>
   <div class='ocr_carea' id='block_1_7' title="bbox 610 3730 632 3780">
    <p class='ocr_par' dir='ltr' id='par_1_10' title="bbox 610 3730 632 3780">
     <span class='ocr_line' id='line_1_26' title="bbox 610 3730 632 3780; baseline 0 0"><span class='ocrx_word' id='word_1_152' title='bbox 610 3730 632 3780; x_wconf 84' lang='lat' dir='ltr'>G</span> 
     </span>
    </p>
   </div>
   <div class='ocr_carea' id='block_1_8' title="bbox 0 0 1370 4256">
    <p class='ocr_par' dir='ltr' id='par_1_11' title="bbox 0 0 1370 4256">
     <span class='ocr_line' id='line_1_27' title="bbox 0 0 1370 4256; baseline 0 1"><span class='ocrx_word' id='word_1_153' title='bbox 0 0 1370 4256; x_wconf 95' lang='lat' dir='ltr'><strong> </strong></span> 
     </span>
    </p>
   </div>
  </div>
 </body>
</html>
