2768 4256
606 285 675 366 175

589 640 696 723 [72]

86 866 114 926 1.
160 861 324 926 Ausones
336 861 462 924 teneres
477 857 600 924 animae
619 855 626 946 Ι
644 879 813 945 rosamque
827 861 885 927 vix
898 869 1071 946 patentem

173 968 435 1037 Praenitidumve
445 969 541 1053 juber
555 969 647 1049 Solis,
667 968 842 1060 {areisque
856 974 1073 1041 subvolenteis

175 1084 259 1150 eum
273 1087 372 1148 oentn
385 1081 477 1148 felioe
489 1106 499 1164 ;
519 1081 609 1148 lubra
622 1087 657 1148 et
674 1080 681 1171 Ι
700 1083 878 1150 ementium
891 1107 1019 1152 susmra
1032 1111 1084 1167 3·-

174 1194 251 1260 Tele
264 1192 349 1258 nihil
361 1193 516 1258 Hermu
528 1198 623 1259 vetus
641 1191 647 1282 Ι
659 1213 775 1264 ,seeum
788 1194 858 1262 dies
871 1196 991 1263 ademit

174 1304 361 1385 Emoriens3
382 1324 442 1370 nee
456 1303 562 1382 furem,
581 1302 587 1391 Ι
606 1303 755 1384 similet,
771 1306 927 1388 eveleret;

174 1419 238 1482 Ast
250 1415 431 1482 Hodiernus
444 1420 560 1481 ennete
573 1414 626 1482 die
644 1413 651 1503 Ι
668 1415 775 1502 legate
787 1417 965 1503 dereliquit.

103 1653 131 1706 ⁶.
176 1641 246 1706 Neo
259 1639 361 1726 magis
375 1637 434 1705 ille
447 1637 613 1704 Hodierno
626 1639 695 1706 dies
713 1637 719 1728 Ι
737 1640 825 1720 haee,
838 1642 979 1709 liberalis
994 1645 1054 1710 etsi

174 1754 252 1838 Ipse
266 1751 324 1818 sun
336 1750 416 1832 vioe,
430 1750 584 1816 oonfioiet
603 1749 610 1838 Ι
629 1751 718 1816 Num
733 1753 847 1818 caritas
860 1753 1006 1839 gelesoet,

174 1865 272 1929 Fessa
285 1859 361 1928 dies
382 1862 436 1928 vel
448 1863 579 1928 flemma
592 1883 651 1928 suo
670 1861 676 1950 Ι
695 1862 798 1930 calore
812 1864 995 1930 deseretur?

178 1975 327 2040 Crastino
340 1974 397 2040 sed
410 1975 578 2040 tenebrosa
592 1975 685 2054 dies?
703 1972 710 2063 Ι
729 1981 762 2040 et
774 1976 858 2041 hene
871 1978 980 2042 venire
993 1985 1140 2063 praestat,

177 2088 288 2172 thue
300 2085 384 2165 lieet,
400 2086 539 2152 conferre
553 2087 676 2170 pedem.
695 2084 702 2175 Ι
720 2087 847 2154 Nomen
861 2086 993 2168 novabi,
1007 2111 1073 2176 non
1088 2112 1162 2156 eor:

176 2199 238 2278 Sio,
251 2197 411 2264 meditem
425 2195 598 2288 Hodierno,
613 2197 713 2263 velim
731 2195 737 2284 Ι
756 2197 829 2264 oium
843 2196 904 2264 mc
918 2200 1080 2286 negotiari.
1099 2213 1101 2216 ·

585 2460 692 2546 [73]

193 2663 222 2725 1.
266 2660 344 2724 Nos
358 2657 428 2738 iste,
443 2677 542 2742 quem
556 2677 643 2722 nuno
655 2655 821 2724 lacrimem
834 2658 1064 2742 profundimus,

178 2774 288 2849 Quum
300 2769 359 2836 vix
371 2769 493 2854 cespite
506 2767 621 2854 frigido
639 2765 646 2856 Ι
665 2789 774 2834 oerum
788 2768 988 2835 condidimus
1003 2778 1106 2856 eaput,

265 2881 403 2966 Siguese,
418 2879 516 2966 quim
530 2879 666 2946 dilectus
681 2879 803 2958 obierit,
817 2885 921 2964 queat,

176 2992 239 3058 Vel
253 2998 392 3079 quantoe
406 2990 536 3077 penitus
550 2990 640 3056 dolor
657 2988 665 3079 Ι
682 2995 787 3056 tentet
800 2991 895 3058 sorde
907 2991 1121 3073 gementium:

186 3141 188 3146 ,
264 3104 328 3170 Sed
340 3103 406 3184 illa,
420 3123 502 3188 ques
515 3107 657 3168 recursat
670 3122 689 3167 e
702 3101 798 3188 longo
811 3101 924 3188 gravis,

178 3215 273 3281 Vites
287 3214 405 3301 gaudia
417 3219 562 3300 posterae
580 3211 587 3302 Ι
604 3213 705 3279 flebili
718 3212 844 3280 meouli
857 3213 981 3293 linens3

224 3310 227 3315 ¹
265 3325 377 3406 Qualis
391 3325 545 3392 memoris
558 3325 662 3392 sordis
676 3325 786 3392 haeret
799 3323 915 3401 intimi,

181 3441 296 3520 Quum,
305 3437 420 3524 siquod
433 3435 537 3504 levius
551 3437 650 3502 situm
664 3436 705 3504 ’st
723 3434 730 3525 Ι
747 3434 874 3513 vulnus,
882 3441 1023 3520 tempore
1037 3436 1181 3501 marcuit.

194 3553 223 3618 2.
267 3550 322 3618 Sic
335 3571 439 3638 usque
450 3549 636 3636 lugeamus:
658 3554 693 3616 at
706 3567 797 3614 mens
811 3547 945 3626 oonsoie,

181 3665 289 3750 Hujus
302 3659 376 3732 iuoe
388 3663 506 3743 nuens,
519 3679 619 3730 noves
637 3659 645 3749 Ι
661 3659 798 3728 nuans
811 3677 934 3730 memor
947 3657 1101 3727 imbibet:
