2730 4256
600 281 668 363 117

166 515 244 580 Mox
258 514 326 578 else
340 512 469 596 patulae
484 519 606 592 sonant,
624 515 630 596 Ι
646 518 685 576 ut
699 520 847 600 surgente
860 516 1007 600 procelle,

247 625 408 690 Enitentis
423 623 484 688 iter
497 645 554 708 per
568 645 719 709 superum
734 625 822 692 deris.

162 740 237 803 Jam
250 743 376 802 montes
390 736 528 821 strepitu
540 737 689 816 vibrent;
708 735 713 819 Ι
730 759 806 802 nem
821 759 854 803 se
868 739 1003 822 protulit
1017 740 1087 824 ipss

246 849 350 913 Venae
364 869 428 912 vox
443 847 576 932 aquilae,
593 848 727 912 stridula
740 870 922 932 personans.

162 961 380 1026 Sublimemne
394 959 509 1024 vides?
531 959 599 1043 poli
616 958 621 1040 Ι
638 980 718 1042 puro
733 960 853 1024 fornice
868 961 994 1026 substat

247 1071 315 1134 Vix
329 1071 430 1134 instas
443 1069 594 1148 maculae,
609 1069 668 1134 lux
682 1071 788 1155 quoad
802 1073 932 1137 auferat.

162 1183 241 1248 Mox
255 1202 433 1260 convensus,
448 1181 497 1247 uti
510 1202 610 1245 manu
627 1179 632 1263 Ι
650 1182 725 1246 forti
740 1183 855 1248 emissa
869 1185 993 1270 sagitte,

245 1295 288 1358 In
302 1293 415 1358 velleis
429 1293 558 1378 penitus
574 1314 607 1358 se
618 1294 699 1377 jacit
712 1295 848 1360 infimas.

160 1406 248 1470 Grex
262 1404 415 1489 diffugit;
438 1409 472 1468 at
487 1404 581 1469 sudio
599 1408 604 1492 Ι
621 1404 769 1486 balatus;
792 1393 1021 1492 scopulumque

247 1516 386 1600 surgens
400 1514 485 1580 derit
500 1517 568 1598 jem
583 1517 699 1599 repetit
713 1514 797 1601 fugit,

161 1627 289 1694 Victor:
311 1647 388 1690 nam
402 1626 523 1690 revolat
538 1626 669 1690 domum
686 1625 691 1707 Ι
709 1627 797 1694 dirus
812 1630 940 1714 auspice
955 1631 1067 1710 fauste

244 1740 314 1802 En!
336 1759 454 1822 agnum
468 1737 587 1822 rapidis
601 1738 763 1822 unguibus
778 1740 926 1806 attinens.

94 1851 124 1913 3.
164 1849 239 1916 Ales
255 1851 282 1914 Ο
298 1849 411 1934 spatiis
425 1849 499 1914 feris
517 1848 522 1932 Ι
540 1849 700 1914 solitarius
715 1850 847 1930 instans,

245 1961 381 2026 Invietis
396 1961 520 2038 snimis,
535 1960 662 2025 nescius
677 1966 710 2026 et
724 1963 801 2048 jdgi

161 2073 315 2159 Augustis
330 2073 430 2138 oculis
445 2073 554 2153 fer0x;
572 2071 577 2154 Ι
595 2077 640 2150 tu,
656 2074 720 2158 qui,
732 2075 805 2158 jure
819 2077 982 2159 superbus

246 2188 426 2270 Aspernere
439 2207 556 2270 parem,
572 2186 708 2270 despicis
723 2187 878 2271 imperem
889 2213 941 2253 ε·-

159 2297 262 2363 Tuntd
275 2303 309 2362 te
324 2298 403 2382 quid
417 2298 503 2362 enim
517 2295 576 2362 tud
594 2295 599 2384 Ι
618 2298 834 2382 pulcritudine
850 2300 972 2366 donet?
1023 2332 1033 2344 ἡ

245 2408 317 2487 Qui,
332 2407 455 2473 telluris
471 2429 560 2492 agros
575 2414 670 2473 natus
686 2410 726 2474 ed
741 2431 874 2494 asperos,

154 2519 412 2604 *Tempestatibus
426 2524 465 2582 ut
479 2519 560 2583 fores
579 2519 584 2595 Ι
602 2539 736 2597 consors,
753 2520 963 2605 Oceanoque3
1019 2537 1022 2544 ’

248 2632 282 2714 (J
282 2636 362 2695 uxta
376 2635 471 2714 teque
484 2629 546 2712 leo)
563 2629 631 2694 vim
646 2631 784 2696 celebras
799 2632 870 2696 Dei.

568 2826 676 2910 [50]

215 2971 243 3034 1.
288 2969 315 3033 Ο
332 2983 425 3042 QUAM
438 2967 550 3052 pulcre
563 2967 657 3045 nites,
672 2968 792 3053 psilide
806 2968 872 3048 flos,
887 2969 976 3048 mihi,

328 3079 369 3142 In
384 3099 482 3162 quem
496 3078 599 3142 sidera
614 3084 724 3142 emant
737 3080 821 3144 tueri
834 3084 841 3144 1

285 3191 330 3256 Os
344 3191 380 3254 in
394 3190 487 3256 dulce
501 3196 595 3254 tuum
610 3189 695 3256 olere
709 3191 813 3258 Putris
831 3213 918 3257 soror

327 3302 460 3382 Summi
475 3303 611 3386 despicit
625 3323 666 3366 ex
679 3303 845 3388 profundo.

284 3414 466 3500 Praesulget
477 3415 573 3498 juber
586 3415 701 3479 horum
715 3415 815 3480 exitio
830 3436 946 3493 carens,

327 3528 375 3589 At
388 3524 506 3590 ndrunt
520 3527 582 3590 tibi
596 3547 629 3592 se
643 3527 789 3592 minores

220 3677 223 3686 .
285 3637 347 3704 Iris
362 3639 548 3704 suaveolens
563 3638 677 3720 albida,
692 3638 848 3704 dormies!
