2730 4256
596 283 673 359 121¹
730 368 732 372 ,
785 339 792 356 .

264 512 294 577 2.
339 511 407 576 Ubi
420 508 528 575 taenia
541 531 628 574 nunc
642 509 727 575 nivis

161 623 343 704 Brumaiis3
368 643 536 688 nemorum
549 616 703 708 recessim
717 641 799 704 quae
814 626 903 687 ceste
912 623 1047 706 jacebat,

159 737 249 800 Dum
263 734 393 801 demisit
404 733 445 798 ab
460 733 557 798 arduo
577 730 581 820 Ι
601 733 697 796 Mens
713 731 869 816 Suprema
883 753 1009 799 serenos

333 845 494 924 Incultum
514 863 636 927 suoque
650 842 751 939 cirrus

334 955 452 1042 Halicu
464 954 602 1039 liquitur
615 953 741 1019 nivalis

177 1103 179 1110 v
262 1068 292 1134 3.
337 1065 408 1146 Qut
422 1066 581 1131 nubecula
594 1064 730 1144 transiit,
940 1126 946 1138 ,

160 1179 295 1245 Dudum
307 1178 430 1264 pullids
444 1177 604 1242 dormiens
624 1175 628 1265 Ι
649 1176 772 1242 caelum
786 1176 908 1242 aestive
922 1198 979 1261 per
993 1180 1136 1246 ulmum?

159 1290 202 1357 Vi
216 1295 365 1377 surgente
379 1295 489 1355 temen
503 1309 607 1373 supra,
628 1286 633 1376 Ι
653 1287 859 1354 crudescente
872 1289 1019 1372 procelli,

331 1403 373 1466 In
387 1400 602 1466 tenebrosiore
615 1400 717 1466 nubes
732 1483 733 1488 Ι

331 1511 466 1591 Occidit,
481 1512 623 1577 rediture
636 1532 811 1596 nunquam.

257 1627 288 1690 4.
331 1623 416 1689 Sunt
431 1623 586 1701 amabilis,
602 1623 630 1688 Ο
646 1643 740 1701 soror,

156 1735 268 1815 Fuisti
282 1755 355 1801 mee
367 1740 373 1800 1
396 1736 524 1800 Moesta
537 1740 581 1812 tu,
603 1733 608 1823 Ι
628 1734 766 1800 clemens
781 1736 885 1801 noctis
899 1740 938 1802 ut
951 1757 1035 1802 curn

157 1848 210 1914 Ah
220 1853 228 1913 1
240 1848 349 1913 minus
364 1847 394 1913 si
409 1847 564 1924 amabilis,
585 1844 590 1934 Ι
609 1847 717 1912 minus
727 1847 841 1931 pulcre
854 1847 976 1928 fuisses,

327 1961 397 2024 Nec
410 1959 534 2045 gelidae
548 1963 586 2023 tu
600 1960 716 2024 Mortis
731 1981 804 2026 esce

327 2069 431 2150 Fdres,
447 2092 506 2136 nec
522 2070 611 2135 dolor
626 2071 786 2138 Omienac

256 2184 285 2247 5.
329 2182 558 2267 Nequidquam
572 2182 634 2246 tibi
647 2182 746 2266 lugeo.
1143 2251 1146 2256 Δ

155 2295 349 2359 Umbrarum
363 2314 404 2358 cx
413 2292 561 2358 domibus
570 2299 743 2358 retrorsum
761 2291 766 2380 Ι
786 2293 829 2359 cd
838 2315 914 2379 meq
913 2295 1174 2383 ’edsuperoeque

153 2405 231 2472 vice
243 2429 311 2473 non
323 2407 460 2474 redeunt
474 2405 557 2472 nova
576 2404 583 2495 Ι
601 2408 734 2472 Manes·
753 2407 885 2492 jamque
899 2429 964 2495 ego,
968 2415 1134 2554 tunquam

323 2522 379 2600 Tu,
394 2521 564 2586 Idcrimcsa
578 2521 751 2586 contucbor

322 2632 472 2698 Flores
446 2653 600 2717 slgnaque
614 2632 696 2696 mira
710 2631 797 2698 caeli

251 2744 281 2809 6.
326 2743 390 2809 Sed
403 2746 501 2808 finem
515 2743 653 2809 ldcrimis
670 2743 795 2825 sinem3

152 2851 272 2918 Olund
285 2855 485 2920 radientibus
505 2853 510 2943 Ι
529 2855 652 2938 spumis
667 2859 744 2920 nete
758 2855 898 2934 marinis,

150 2965 252 3050 Capta
267 2965 307 3030 ab
321 2965 476 3044 hostibus,
492 2967 569 3031 orba
582 2966 668 3044 item,
689 2964 694 3053 Ι
714 2965 856 3032 solitarie
868 2966 977 3032 luctu!

321 3079 426 3156 Quam
441 3077 535 3143 Peter
547 3077 625 3142 hinc
639 3077 771 3143 domum
784 3078 914 3144 vocavit

320 3190 373 3254 En
387 3190 543 3256 desiderio
558 3195 695 3255 tuorum

232 3299 277 3370 7.
321 3300 570 3380 Te,.ccrissimu1
593 3322 768 3386 consequar

102 3403 106 3412 ’
147 3409 331 3490 citu-ubi
344 3413 509 3497 peregrina
523 3417 772 3494 sunt-moeror,
787 3413 927 3493 lucrina,
941 3414 1080 3482 bustum.

148 3521 220 3590 Illic
233 3528 351 3590 ventus
365 3526 458 3588 dtrcx
471 3525 569 3603 abest,
588 3522 594 3612 Ι
612 3545 679 3589 non
692 3531 836 3590 marcent
848 3525 895 3590 ibi
909 3525 1010 3607 fimes,

318 3636 457 3701 Laetitia
470 3637 526 3702 sed
540 3637 642 3701 undat
656 3642 717 3701 der.

319 3747 440 3827 Donni,
458 3748 494 3828 Ο,
509 3747 610 3813 inscia
624 3746 826 3815 somniorum.
