2752 4258
543 737 738 820 Armpaestie.

593 959 697 1041 [12]

260 1096 288 1159 1.
308 1069 310 1076 ,
331 1094 441 1158 ANGLI
455 1099 579 1170 nautae,
595 1093 651 1177 qui
665 1093 828 1180 protegitis

375 1205 511 1270 merium
524 1205 617 1270 littus
631 1205 805 1289 patriorum
816 1228 824 1284 ;

332 1317 428 1395 Queis
442 1316 605 1410 vexilium,
620 1316 709 1379 mille
722 1337 779 1400 per
793 1337 901 1406 annor,

374 1449 465 1492 auras
480 1448 516 1492 ae
530 1427 650 1512 proelia
665 1428 776 1507 duret;
812 1417 814 1420 ⁵

331 1539 420 1628 Signi
434 1539 530 1604 decus
544 1538 604 1602 hoe
620 1537 697 1603 alios
711 1539 828 1603 iterum

373 1649 550 1734 promittite
565 1651 741 1734 comperiri
755 1651 881 1729 hosteis,

332 1761 375 1824 Et
388 1781 446 1844 per
460 1759 590 1844 pelagus
605 1760 728 1838 Verrito,
745 1781 927 1852 quanquam

374 1871 480 1936 valido
494 1872 573 1935 fient
587 1871 714 1936 turbine
728 1873 826 1949 venti,

330 1983 420 2047 Dum
433 2003 541 2068 pugna
556 1983 662 2047 fruens
677 1984 790 2067 strepit
804 2005 840 2049 ae
854 1985 985 2068 longum

366 2092 467 2156 velidi
481 2114 554 2156 eum
568 2093 696 2158 flamine
710 2094 807 2158 renti.

258 2206 286 2268 2.
314 2290 319 2297 .
331 2205 397 2290 Vos
412 2207 577 2267 atavorum
590 2189 721 2288 maguus
735 2205 857 2270 meneis

375 2316 558 2400 spectabitis
573 2337 707 2400 aequore
720 2317 755 2380 iu
770 2318 864 2394 omni,

332 2429 418 2506 Quos
431 2449 489 2513 per
502 2428 631 2497 nautica
645 2428 764 2512 praelia
777 2429 877 2494 eleros

374 2541 530 2625 gremium
543 2540 639 2605 maris
654 2540 776 2606 obtinet
790 2541 910 2625 ingene

333 2653 400 2718 Ubi
414 2651 565 2717 decubuit
582 2651 697 2716 Blieus
712 2673 748 2716 ae
762 2652 796 2716 N
796 2651 892 2730 eleon,

374 2783 427 2827 eor
439 2762 530 2827 vobis
545 2783 615 2828 acre
629 2763 772 2847 firtgrabit

333 2874 591 2938 Perverrentibus
607 2895 749 2957 aequora,
765 2895 948 2959 quenquam

373 2984 480 3050 veiido
494 2984 573 3049 flent
587 2985 715 3049 turbine
728 2985 826 3062 venti,

330 3097 420 3160 Dum
433 3117 541 3180 pugna
555 3096 662 3160 furens
677 3101 795 3179 strepet
810 3117 846 3160 ee
860 3097 990 3182 longum
1033 3149 1036 3157 .

375 3207 475 3273 velidi
489 3229 562 3272 eum
575 3207 704 3272 flamine
718 3207 816 3272 venti.
863 3275 864 3278 ,

259 3323 287 3387 3.
332 3321 402 3386 Nee
416 3318 554 3384 castellis
568 3339 627 3383 nee
641 3319 676 3382 in
691 3317 826 3405 abrupti

253 3409 258 3432 ¹
375 3431 476 3495 muris
491 3435 562 3515 eget
574 3430 693 3514 Anglia
705 3451 792 3514 rupe,

334 3543 422 3620 Quae
437 3542 628 3606 decumanos
642 3540 855 3626 superincedit

377 3653 501 3730 fluetru,
515 3652 701 3736 habitatque
714 3673 772 3737 per
784 3673 908 3742 aequet.
