2730 4256
575 293 645 374 127

561 562 675 644 [54]

202 764 230 826 1.
276 761 354 824 Nox
367 757 538 843 praelonga
551 756 667 822 hiemis
681 755 864 840 praeteriit:
886 739 1001 835 viden’,

360 871 436 934 Meo
451 868 615 933 canusima
629 867 716 932 cordi
728 870 740 930 2

231 981 337 1062 Quam
351 980 511 1066 fulgidum
526 984 623 1063 eaput
637 979 771 1042 efferens

361 1091 416 1157 Sol
430 1090 675 1176 augumtiaeimus
691 1088 793 1154 ambit
804 1091 822 1153 !'

274 1207 380 1270 Morte
396 1225 437 1269 ex
450 1203 567 1268 hiemis
582 1202 694 1267 saiiees
709 1200 870 1266 redivivae

274 1318 462 1401 Fragranier
477 1314 572 1392 olent,
587 1312 641 1378 vel
654 1312 786 1397 spiritus
800 1316 839 1376 ut
852 1317 928 1377 tuus
942 1336 950 1376 :

361 1425 405 1488 Eo
418 1444 505 1488 nuno
519 1443 635 1508 nempe
648 1422 765 1506 incipit
778 1427 890 1488 uesieu.

205 1540 233 1604 2.
247 1596 249 1600 .
277 1537 329 1600 En
343 1536 466 1602 aestiva
479 1535 548 1601 dies
561 1535 670 1600 lueida
683 1534 842 1621 longeque
855 1541 862 1600 ἒ

361 1650 594 1734 Praegrandem
608 1648 741 1713 audisne
755 1647 910 1732 fragorem
923 1649 935 1711 2

236 1763 319 1827 Sane
332 1761 434 1826 moles
448 1759 548 1846 glaeie
562 1781 659 1826 ruens

364 1873 554 1958 splendores
569 1873 704 1939 aaudiat
717 1871 831 1937 undae.

277 1985 354 2048 dem
367 2003 460 2048 mons
474 1971 733 2067 praelucidus'ad
746 2004 833 2048 mare
847 1981 954 2068 serpit,

281 2096 382 2179 Cujus
396 2095 527 2160 virideis
541 2095 678 2161 luterum
693 2095 859 2180 crystallos

366 2206 551 2290 Pemumpii
565 2227 716 2290 spumeus
730 2206 853 2270 humor.

206 2321 236 2384 3.
282 2317 391 2381 Imum
405 2319 521 2401 cymba
535 2318 597 2383 tibi
611 2323 677 2382 stat
690 2317 786 2382 maris
802 2317 844 2380 ad
858 2313 962 2382 solum

366 2431 428 2495 Per
442 2430 530 2514 algas
544 2429 672 2494 vincia:
695 2427 751 2494 aed
763 2448 880 2512 aequor

236 2542 336 2608 Radit
350 2561 436 2606 remo
452 2540 545 2606 citior
559 2561 631 2605 meo

366 2655 443 2718 Non
457 2654 522 2718 aies
536 2653 606 2737 ipse
620 2653 784 2738 procellae.

280 2765 335 2828 Ad
350 2785 428 2829 saxa
441 2763 532 2830 fretis
547 2764 651 2829 divisa
665 2763 833 2842 exibimus,

282 2876 351 2942 Ubi
365 2876 565 2960 obstreperae
579 2876 691 2960 gaviae
705 2895 764 2941 aua
778 2875 923 2941 condunt

369 2986 541 3068 Scruposaa
556 3006 618 3050 ova
631 3005 689 3069 per
703 3005 781 3052 oms.

207 3100 238 3163 4,
283 3097 358 3162 Iiiie
371 3118 424 3162 me
437 3117 574 3175 maneae,
590 3096 655 3180 qud
668 3098 760 3162 tenui
773 3099 868 3165 rubei

368 3208 512 3273 Ventoso
525 3208 602 3273 flore
616 3229 775 3292 papave13

238 3320 306 3404 Ego
321 3339 462 3402 namque
475 3319 577 3404 ipsius
592 3318 628 3383 in
641 3319 758 3386 insulis

370 3432 529 3509 Quaeram
543 3431 707 3498 nivalibus
720 3453 852 3498 ursum:

241 3542 354 3622 Quem,
368 3544 492 3609 viribus
506 3543 672 3639 indomitis
686 3545 868 3622 immanem,

241 3655 362 3722 Tamen
376 3675 417 3720 ex
430 3655 566 3740 propriis
580 3654 711 3722 latdbris
724 3676 797 3721 mea
808 3654 940 3723 braohia

371 3767 573 3834 Ptotraotum
586 3766 622 3832 vi
636 3767 840 3852 superabunt.
