<?xml version="1.0" encoding="UTF-8"?>
<!DOCTYPE html PUBLIC "-//W3C//DTD XHTML 1.0 Transitional//EN"
    "http://www.w3.org/TR/xhtml1/DTD/xhtml1-transitional.dtd">
<html xmlns="http://www.w3.org/1999/xhtml" xml:lang="en" lang="en">
 <head>
  <title>
</title>
<meta http-equiv="Content-Type" content="text/html;charset=utf-8" />
  <meta name='ocr-system' content='tesseract 3.04.00' />
  <meta name='ocr-capabilities' content='ocr_page ocr_carea ocr_par ocr_line ocrx_word'/>
</head>
<body>
  <div class='ocr_page' id='page_1' title='image "./translationseng00newmgoog_0128.png"; bbox 0 0 2730 4256; ppageno 0'>
   <div class='ocr_carea' id='block_1_1' title="bbox 608 303 678 384">
    <p class='ocr_par' dir='ltr' id='par_1_1' title="bbox 608 303 678 384">
     <span class='ocr_line' id='line_1_1' title="bbox 608 303 678 384; baseline 0.143 -11"><span class='ocrx_word' id='word_1_1' title='bbox 608 303 678 384; x_wconf 88' lang='grc'><strong>107</strong></span> 
     </span>
    </p>
   </div>
   <div class='ocr_carea' id='block_1_2' title="bbox 582 575 695 658">
    <p class='ocr_par' dir='ltr' id='par_1_2' title="bbox 582 575 695 658">
     <span class='ocr_line' id='line_1_2' title="bbox 582 575 695 658; baseline 0 0"><span class='ocrx_word' id='word_1_2' title='bbox 582 575 695 658; x_wconf 86' lang='grc'><strong>[43]</strong></span> 
     </span>
    </p>
   </div>
   <div class='ocr_carea' id='block_1_3' title="bbox 110 769 1123 1860">
    <p class='ocr_par' dir='ltr' id='par_1_3' title="bbox 110 769 1123 1860">
     <span class='ocr_line' id='line_1_3' title="bbox 112 769 962 858; baseline 0.002 -25"><span class='ocrx_word' id='word_1_3' title='bbox 112 774 136 834; x_wconf 91' lang='grc'><strong>1.</strong></span> <span class='ocrx_word' id='word_1_4' title='bbox 175 771 274 834; x_wconf 76' lang='lat' dir='ltr'><strong>Larus</strong></span> <span class='ocrx_word' id='word_1_5' title='bbox 289 773 339 835; x_wconf 92' lang='lat' dir='ltr'><strong>est</strong></span> <span class='ocrx_word' id='word_1_6' title='bbox 353 769 493 834; x_wconf 77' lang='lat' dir='ltr'><strong>citharae</strong></span> <span class='ocrx_word' id='word_1_7' title='bbox 508 789 610 849; x_wconf 90' lang='lat' dir='ltr'><strong>canor,</strong></span> <span class='ocrx_word' id='word_1_8' title='bbox 630 769 636 858; x_wconf 99' lang='grc' dir='ltr'>Ι</span> <span class='ocrx_word' id='word_1_9' title='bbox 655 774 692 834; x_wconf 94' lang='lat' dir='ltr'><strong>ut</strong></span> <span class='ocrx_word' id='word_1_10' title='bbox 706 771 840 836; x_wconf 89' lang='lat' dir='ltr'><strong>victoria</strong></span> <span class='ocrx_word' id='word_1_11' title='bbox 854 771 962 856; x_wconf 82' lang='lat' dir='ltr'><strong>fulget,</strong></span> 
     </span>
     <span class='ocr_line' id='line_1_4' title="bbox 174 880 1043 970; baseline 0.007 -25"><span class='ocrx_word' id='word_1_12' title='bbox 174 881 308 960; x_wconf 82' lang='lat' dir='ltr'><strong>Quando</strong></span> <span class='ocrx_word' id='word_1_13' title='bbox 321 880 417 946; x_wconf 86' lang='lat' dir='ltr'><strong>laude</strong></span> <span class='ocrx_word' id='word_1_14' title='bbox 431 880 516 946; x_wconf 75' lang='lat' dir='ltr'><strong>novt</strong></span> <span class='ocrx_word' id='word_1_15' title='bbox 529 881 637 947; x_wconf 85' lang='lat' dir='ltr'><strong>fruens</strong></span> <span class='ocrx_word' id='word_1_16' title='bbox 656 880 663 970; x_wconf 99' lang='grc' dir='ltr'>Ι</span> <span class='ocrx_word' id='word_1_17' title='bbox 681 881 773 947; x_wconf 75' lang='lat' dir='ltr'><strong>heros</strong></span> <span class='ocrx_word' id='word_1_18' title='bbox 787 884 906 968; x_wconf 76' lang='lat' dir='ltr'><strong>gaudet</strong></span> <span class='ocrx_word' id='word_1_19' title='bbox 920 883 1043 961; x_wconf 64' lang='lat' dir='ltr'><strong>ciceris„</strong></span> 
     </span>
     <span class='ocr_line' id='line_1_5' title="bbox 172 991 1123 1081; baseline 0.003 -24"><span class='ocrx_word' id='word_1_20' title='bbox 172 991 214 1057; x_wconf 86' lang='lat' dir='ltr'><strong>Et</strong></span> <span class='ocrx_word' id='word_1_21' title='bbox 226 993 357 1058; x_wconf 77' lang='lat' dir='ltr'><strong>virescit</strong></span> <span class='ocrx_word' id='word_1_22' title='bbox 371 993 508 1058; x_wconf 90' lang='lat' dir='ltr'><strong>amantis</strong></span> <span class='ocrx_word' id='word_1_23' title='bbox 522 992 559 1057; x_wconf 90' lang='lat' dir='ltr'><strong>in</strong></span> <span class='ocrx_word' id='word_1_24' title='bbox 577 991 582 1081; x_wconf 99' lang='grc' dir='ltr'>Ι</span> <span class='ocrx_word' id='word_1_25' title='bbox 601 993 705 1058; x_wconf 86' lang='lat' dir='ltr'><strong>fronte</strong></span> <span class='ocrx_word' id='word_1_26' title='bbox 718 993 859 1078; x_wconf 88' lang='lat' dir='ltr'><strong>pendula</strong></span> <span class='ocrx_word' id='word_1_27' title='bbox 872 993 990 1072; x_wconf 89' lang='lat' dir='ltr'><strong>laurus,</strong></span> <span class='ocrx_word' id='word_1_28' title='bbox 1120 1031 1123 1038; x_wconf 86' lang='lat'><strong>.</strong></span> 
     </span>
     <span class='ocr_line' id='line_1_6' title="bbox 172 1103 962 1192; baseline 0.001 -22"><span class='ocrx_word' id='word_1_29' title='bbox 172 1105 314 1190; x_wconf 86' lang='lat' dir='ltr'><strong>Alasque</strong></span> <span class='ocrx_word' id='word_1_30' title='bbox 329 1125 370 1170; x_wconf 88' lang='lat' dir='ltr'><strong>ex</strong></span> <span class='ocrx_word' id='word_1_31' title='bbox 383 1104 491 1189; x_wconf 78' lang='lat' dir='ltr'>galeae</span> <span class='ocrx_word' id='word_1_32' title='bbox 505 1103 583 1170; x_wconf 91' lang='lat' dir='ltr'><strong>facit</strong></span> <span class='ocrx_word' id='word_1_33' title='bbox 602 1103 607 1192; x_wconf 97' lang='grc' dir='ltr'>Ι</span> <span class='ocrx_word' id='word_1_34' title='bbox 627 1105 730 1170; x_wconf 86' lang='lat' dir='ltr'><strong>cristis</strong></span> <span class='ocrx_word' id='word_1_35' title='bbox 744 1105 814 1190; x_wconf 88' lang='lat' dir='ltr'><strong>ipse</strong></span> <span class='ocrx_word' id='word_1_36' title='bbox 829 1105 962 1190; x_wconf 87' lang='lat' dir='ltr'>Cupido.</span> 
     </span>
     <span class='ocr_line' id='line_1_7' title="bbox 110 1215 1043 1304; baseline 0 -22"><span class='ocrx_word' id='word_1_37' title='bbox 110 1253 112 1256; x_wconf 95' lang='lat'>·</span> <span class='ocrx_word' id='word_1_38' title='bbox 213 1217 319 1302; x_wconf 84' lang='lat' dir='ltr'><strong>Atqui</strong></span> <span class='ocrx_word' id='word_1_39' title='bbox 333 1217 362 1282; x_wconf 88' lang='lat' dir='ltr'><strong>si</strong></span> <span class='ocrx_word' id='word_1_40' title='bbox 375 1217 459 1282; x_wconf 85' lang='lat' dir='ltr'><strong>redit</strong></span> <span class='ocrx_word' id='word_1_41' title='bbox 472 1216 582 1295; x_wconf 81' lang='lat' dir='ltr'><strong>hostis,</strong></span> <span class='ocrx_word' id='word_1_42' title='bbox 602 1215 608 1304; x_wconf 97' lang='grc' dir='ltr'>Ι</span> <span class='ocrx_word' id='word_1_43' title='bbox 627 1219 767 1283; x_wconf 85' lang='lat' dir='ltr'><strong>Rursum</strong></span> <span class='ocrx_word' id='word_1_44' title='bbox 780 1218 926 1302; x_wconf 85' lang='lat' dir='ltr'><strong>provolat</strong></span> <span class='ocrx_word' id='word_1_45' title='bbox 940 1217 1043 1294; x_wconf 73' lang='lat' dir='ltr'><strong>heros,</strong></span> 
     </span>
     <span class='ocr_line' id='line_1_8' title="bbox 301 1328 933 1409; baseline 0 -15"><span class='ocrx_word' id='word_1_46' title='bbox 301 1328 398 1394; x_wconf 81' lang='lat' dir='ltr'><strong>Ensis</strong></span> <span class='ocrx_word' id='word_1_47' title='bbox 410 1349 488 1394; x_wconf 88' lang='lat' dir='ltr'><strong>mox</strong></span> <span class='ocrx_word' id='word_1_48' title='bbox 502 1329 620 1393; x_wconf 86' lang='lat' dir='ltr'><strong>iterum</strong></span> <span class='ocrx_word' id='word_1_49' title='bbox 634 1334 783 1394; x_wconf 90' lang='lat' dir='ltr'><strong>strenuus</strong></span> <span class='ocrx_word' id='word_1_50' title='bbox 799 1329 933 1409; x_wconf 89' lang='lat' dir='ltr'><strong>emicat;</strong></span> 
     </span>
     <span class='ocr_line' id='line_1_9' title="bbox 213 1419 1015 1528; baseline 0 -24"><span class='ocrx_word' id='word_1_51' title='bbox 213 1441 296 1506; x_wconf 81' lang='lat' dir='ltr'><strong>Turn</strong></span> <span class='ocrx_word' id='word_1_52' title='bbox 312 1439 430 1505; x_wconf 80' lang='lat' dir='ltr'><strong>stridor</strong></span> <span class='ocrx_word' id='word_1_53' title='bbox 444 1440 587 1505; x_wconf 85' lang='lat' dir='ltr'><strong>ferientis</strong></span> <span class='ocrx_word' id='word_1_54' title='bbox 606 1437 612 1528; x_wconf 99' lang='grc' dir='ltr'>Ι</span> <span class='ocrx_word' id='word_1_55' title='bbox 631 1440 748 1506; x_wconf 81' lang='lat' dir='ltr'><strong>Pectus</strong></span> <span class='ocrx_word' id='word_1_56' title='bbox 763 1419 900 1505; x_wconf 83' lang='lat' dir='ltr'><strong>fascinat</strong></span> <span class='ocrx_word' id='word_1_57' title='bbox 913 1440 1015 1504; x_wconf 89' lang='lat' dir='ltr'><strong>imum</strong></span> 
     </span>
     <span class='ocr_line' id='line_1_10' title="bbox 300 1550 954 1636; baseline -0.002 -19"><span class='ocrx_word' id='word_1_58' title='bbox 300 1552 548 1636; x_wconf 85' lang='lat' dir='ltr'><strong>Olangentisqne</strong></span> <span class='ocrx_word' id='word_1_59' title='bbox 564 1572 660 1616; x_wconf 91' lang='lat' dir='ltr'><strong>sonus</strong></span> <span class='ocrx_word' id='word_1_60' title='bbox 676 1550 792 1616; x_wconf 90' lang='lat' dir='ltr'><strong>Martis</strong></span> <span class='ocrx_word' id='word_1_61' title='bbox 808 1552 954 1628; x_wconf 71' lang='lat' dir='ltr'><strong>aheneus,</strong></span> 
     </span>
     <span class='ocr_line' id='line_1_11' title="bbox 429 1661 854 1745; baseline 0 -21"><span class='ocrx_word' id='word_1_62' title='bbox 429 1661 523 1726; x_wconf 82' lang='lat' dir='ltr'><strong>Mffle</strong></span> <span class='ocrx_word' id='word_1_63' title='bbox 537 1663 595 1727; x_wconf 75' lang='lat' dir='ltr'><strong>ubi</strong></span> <span class='ocrx_word' id='word_1_64' title='bbox 608 1661 684 1725; x_wconf 90' lang='lat' dir='ltr'><strong>litui</strong></span> <span class='ocrx_word' id='word_1_65' title='bbox 699 1666 854 1745; x_wconf 88' lang='lat' dir='ltr'><strong>strepunt.</strong></span> 
     </span>
     <span class='ocr_line' id='line_1_12' title="bbox 172 1769 1008 1860; baseline -0.002 -24"><span class='ocrx_word' id='word_1_66' title='bbox 172 1775 252 1837; x_wconf 82' lang='lat' dir='ltr'><strong>Tum</strong></span> <span class='ocrx_word' id='word_1_67' title='bbox 265 1773 350 1838; x_wconf 89' lang='lat' dir='ltr'><strong>redit</strong></span> <span class='ocrx_word' id='word_1_68' title='bbox 365 1772 505 1838; x_wconf 88' lang='lat' dir='ltr'><strong>citharae</strong></span> <span class='ocrx_word' id='word_1_69' title='bbox 520 1793 622 1850; x_wconf 88' lang='lat' dir='ltr'><strong>canor,</strong></span> <span class='ocrx_word' id='word_1_70' title='bbox 643 1771 648 1860; x_wconf 99' lang='grc' dir='ltr'>Ι</span> <span class='ocrx_word' id='word_1_71' title='bbox 667 1777 706 1837; x_wconf 91' lang='lat' dir='ltr'><strong>ut</strong></span> <span class='ocrx_word' id='word_1_72' title='bbox 719 1772 853 1837; x_wconf 91' lang='lat' dir='ltr'><strong>victoria</strong></span> <span class='ocrx_word' id='word_1_73' title='bbox 868 1770 931 1849; x_wconf 71' lang='lat' dir='ltr'><strong>irc,</strong></span> <span class='ocrx_word' id='word_1_74' title='bbox 954 1769 1008 1836; x_wconf 77' lang='lat' dir='ltr'><strong>&amp;a</strong></span> 
     </span>
    </p>
   </div>
   <div class='ocr_carea' id='block_1_4' title="bbox 109 1995 1051 2975">
    <p class='ocr_par' dir='ltr' id='par_1_4' title="bbox 109 1995 1016 2418">
     <span class='ocr_line' id='line_1_13' title="bbox 109 1995 1003 2088; baseline 0 -29"><span class='ocrx_word' id='word_1_75' title='bbox 109 2000 133 2060; x_wconf 84' lang='lat'><strong>2.</strong></span> <span class='ocrx_word' id='word_1_76' title='bbox 174 1998 268 2064; x_wconf 89' lang='lat' dir='ltr'><strong>Lenis</strong></span> <span class='ocrx_word' id='word_1_77' title='bbox 282 2001 395 2063; x_wconf 88' lang='lat' dir='ltr'><strong>cantus</strong></span> <span class='ocrx_word' id='word_1_78' title='bbox 410 2002 477 2063; x_wconf 88' lang='lat' dir='ltr'><strong>erat</strong></span> <span class='ocrx_word' id='word_1_79' title='bbox 491 1996 587 2081; x_wconf 84' lang='lat' dir='ltr'><strong>lyrae,</strong></span> <span class='ocrx_word' id='word_1_80' title='bbox 607 1995 613 2086; x_wconf 96' lang='grc' dir='ltr'>Ι</span> <span class='ocrx_word' id='word_1_81' title='bbox 631 1999 723 2062; x_wconf 78' lang='lat' dir='ltr'><strong>heros</strong></span> <span class='ocrx_word' id='word_1_82' title='bbox 739 1998 817 2061; x_wconf 91' lang='lat' dir='ltr'><strong>dum</strong></span> <span class='ocrx_word' id='word_1_83' title='bbox 831 1995 1003 2088; x_wconf 82' lang='lat' dir='ltr'><strong>recubabat</strong></span> 
     </span>
     <span class='ocr_line' id='line_1_14' title="bbox 173 2106 959 2196; baseline -0.003 -22"><span class='ocrx_word' id='word_1_84' title='bbox 173 2109 259 2174; x_wconf 78' lang='lat' dir='ltr'><strong>Ulna</strong></span> <span class='ocrx_word' id='word_1_85' title='bbox 272 2108 414 2174; x_wconf 78' lang='lat' dir='ltr'><strong>suaviter</strong></span> <span class='ocrx_word' id='word_1_86' title='bbox 429 2109 569 2173; x_wconf 78' lang='lat' dir='ltr'><strong>ambitus</strong></span> <span class='ocrx_word' id='word_1_87' title='bbox 588 2106 593 2196; x_wconf 95' lang='grc' dir='ltr'>Ι</span> <span class='ocrx_word' id='word_1_88' title='bbox 613 2107 864 2174; x_wconf 81' lang='lat' dir='ltr'><strong>*Puleritudinis</strong></span> <span class='ocrx_word' id='word_1_89' title='bbox 880 2107 959 2172; x_wconf 74' lang='lat' dir='ltr'><strong>alba</strong></span> 
     </span>
     <span class='ocr_line' id='line_1_15' title="bbox 170 2218 1016 2307; baseline 0 -23"><span class='ocrx_word' id='word_1_90' title='bbox 170 2221 298 2306; x_wconf 79' lang='lat' dir='ltr'><strong>Myrtus</strong></span> <span class='ocrx_word' id='word_1_91' title='bbox 312 2219 445 2304; x_wconf 90' lang='lat' dir='ltr'><strong>pensilis</strong></span> <span class='ocrx_word' id='word_1_92' title='bbox 459 2219 556 2304; x_wconf 91' lang='lat' dir='ltr'><strong>hujus</strong></span> <span class='ocrx_word' id='word_1_93' title='bbox 572 2241 659 2284; x_wconf 89' lang='lat' dir='ltr'><strong>arma</strong></span> <span class='ocrx_word' id='word_1_94' title='bbox 677 2218 683 2307; x_wconf 99' lang='grc' dir='ltr'>Ι</span> <span class='ocrx_word' id='word_1_95' title='bbox 701 2219 888 2304; x_wconf 88' lang='lat' dir='ltr'><strong>implicabat</strong></span> <span class='ocrx_word' id='word_1_96' title='bbox 902 2219 1016 2303; x_wconf 91' lang='lat' dir='ltr'><strong>opima,</strong></span> 
     </span>
     <span class='ocr_line' id='line_1_16' title="bbox 170 2328 980 2418; baseline 0 -22"><span class='ocrx_word' id='word_1_97' title='bbox 170 2331 396 2415; x_wconf 80' lang='lat' dir='ltr'><strong>Cassidamque</strong></span> <span class='ocrx_word' id='word_1_98' title='bbox 411 2330 586 2395; x_wconf 84' lang='lat' dir='ltr'><strong>columbuli</strong></span> <span class='ocrx_word' id='word_1_99' title='bbox 605 2328 611 2418; x_wconf 94' lang='grc' dir='ltr'>Ι</span> <span class='ocrx_word' id='word_1_100' title='bbox 629 2351 687 2415; x_wconf 89' lang='lat' dir='ltr'><strong>pro</strong></span> <span class='ocrx_word' id='word_1_101' title='bbox 701 2331 778 2394; x_wconf 88' lang='lat' dir='ltr'><strong>nido</strong></span> <span class='ocrx_word' id='word_1_102' title='bbox 792 2331 980 2396; x_wconf 88' lang='lat' dir='ltr'><strong>retinebant.</strong></span> 
     </span>
    </p>

    <p class='ocr_par' dir='ltr' id='par_1_5' title="bbox 210 2440 1051 2975">
     <span class='ocr_line' id='line_1_17' title="bbox 212 2440 1051 2530; baseline 0 -21"><span class='ocrx_word' id='word_1_103' title='bbox 212 2443 275 2510; x_wconf 84' lang='lat' dir='ltr'><strong>Sed</strong></span> <span class='ocrx_word' id='word_1_104' title='bbox 293 2463 394 2528; x_wconf 91' lang='lat' dir='ltr'><strong>quum</strong></span> <span class='ocrx_word' id='word_1_105' title='bbox 408 2463 517 2528; x_wconf 85' lang='lat' dir='ltr'><strong>pugna</strong></span> <span class='ocrx_word' id='word_1_106' title='bbox 529 2442 662 2520; x_wconf 83' lang='lat' dir='ltr'><strong>redibat,</strong></span> <span class='ocrx_word' id='word_1_107' title='bbox 682 2440 687 2530; x_wconf 95' lang='grc' dir='ltr'>Ι</span> <span class='ocrx_word' id='word_1_108' title='bbox 706 2442 801 2507; x_wconf 88' lang='lat' dir='ltr'><strong>vultu</strong></span> <span class='ocrx_word' id='word_1_109' title='bbox 815 2443 956 2528; x_wconf 83' lang='lat' dir='ltr'><strong>fulgurat</strong></span> <span class='ocrx_word' id='word_1_110' title='bbox 970 2463 1051 2522; x_wconf 86' lang='lat' dir='ltr'><strong>acer,</strong></span> 
     </span>
     <span class='ocr_line' id='line_1_18' title="bbox 300 2536 915 2620; baseline 0 0"><span class='ocrx_word' id='word_1_111' title='bbox 300 2555 432 2620; x_wconf 83' lang='lat' dir='ltr'><strong>Cervice</strong></span> <span class='ocrx_word' id='word_1_112' title='bbox 446 2536 613 2620; x_wconf 59' lang='lat' dir='ltr'><strong>excutiens</strong></span> <span class='ocrx_word' id='word_1_113' title='bbox 626 2553 758 2619; x_wconf 86' lang='lat' dir='ltr'><strong>brachia</strong></span> <span class='ocrx_word' id='word_1_114' title='bbox 772 2555 915 2620; x_wconf 88' lang='lat' dir='ltr'><strong>candida.</strong></span> 
     </span>
     <span class='ocr_line' id='line_1_19' title="bbox 210 2664 948 2754; baseline -0.001 -22"><span class='ocrx_word' id='word_1_115' title='bbox 210 2665 328 2732; x_wconf 87' lang='lat' dir='ltr'><strong>Aureis</strong></span> <span class='ocrx_word' id='word_1_116' title='bbox 343 2666 526 2751; x_wconf 83' lang='lat' dir='ltr'><strong>evigilantis</strong></span> <span class='ocrx_word' id='word_1_117' title='bbox 545 2664 550 2754; x_wconf 96' lang='grc' dir='ltr'>Ι</span> <span class='ocrx_word' id='word_1_118' title='bbox 569 2666 617 2730; x_wconf 91' lang='lat' dir='ltr'><strong>nil</strong></span> <span class='ocrx_word' id='word_1_119' title='bbox 631 2666 730 2731; x_wconf 87' lang='lat' dir='ltr'><strong>lactat</strong></span> <span class='ocrx_word' id='word_1_120' title='bbox 744 2667 808 2732; x_wconf 89' lang='lat' dir='ltr'><strong>nisi</strong></span> <span class='ocrx_word' id='word_1_121' title='bbox 823 2667 948 2745; x_wconf 89' lang='lat' dir='ltr'><strong>clamor,</strong></span> 
     </span>
     <span class='ocr_line' id='line_1_20' title="bbox 298 2779 951 2864; baseline -0.002 -19"><span class='ocrx_word' id='word_1_122' title='bbox 298 2780 548 2864; x_wconf 73' lang='lat' dir='ltr'><strong>clangentisque</strong></span> <span class='ocrx_word' id='word_1_123' title='bbox 562 2799 658 2844; x_wconf 90' lang='lat' dir='ltr'><strong>sonus</strong></span> <span class='ocrx_word' id='word_1_124' title='bbox 674 2779 789 2844; x_wconf 90' lang='lat' dir='ltr'><strong>Martis</strong></span> <span class='ocrx_word' id='word_1_125' title='bbox 805 2779 951 2857; x_wconf 75' lang='lat' dir='ltr'><strong>aheneus,</strong></span> 
     </span>
     <span class='ocr_line' id='line_1_21' title="bbox 385 2889 808 2975; baseline -0.002 -20"><span class='ocrx_word' id='word_1_126' title='bbox 385 2891 479 2956; x_wconf 88' lang='lat' dir='ltr'><strong>Mille</strong></span> <span class='ocrx_word' id='word_1_127' title='bbox 493 2892 550 2956; x_wconf 82' lang='lat' dir='ltr'><strong>ubi</strong></span> <span class='ocrx_word' id='word_1_128' title='bbox 562 2889 639 2954; x_wconf 89' lang='lat' dir='ltr'><strong>litui</strong></span> <span class='ocrx_word' id='word_1_129' title='bbox 653 2894 808 2975; x_wconf 89' lang='lat' dir='ltr'><strong>strepunt.</strong></span> 
     </span>
    </p>
   </div>
   <div class='ocr_carea' id='block_1_5' title="bbox 104 3111 1075 3425">
    <p class='ocr_par' dir='ltr' id='par_1_6' title="bbox 104 3111 1075 3425">
     <span class='ocr_line' id='line_1_22' title="bbox 104 3111 997 3202; baseline 0.002 -26"><span class='ocrx_word' id='word_1_130' title='bbox 104 3116 129 3178; x_wconf 86' lang='lat'><strong>3.</strong></span> <span class='ocrx_word' id='word_1_131' title='bbox 169 3119 250 3181; x_wconf 86' lang='lat' dir='ltr'><strong>Turn</strong></span> <span class='ocrx_word' id='word_1_132' title='bbox 264 3115 377 3181; x_wconf 89' lang='lat' dir='ltr'><strong>molles</strong></span> <span class='ocrx_word' id='word_1_133' title='bbox 391 3115 527 3180; x_wconf 89' lang='lat' dir='ltr'><strong>redeunt</strong></span> <span class='ocrx_word' id='word_1_134' title='bbox 540 3113 622 3179; x_wconf 78' lang='lat' dir='ltr'><strong>sides</strong></span> <span class='ocrx_word' id='word_1_135' title='bbox 641 3111 647 3202; x_wconf 96' lang='grc' dir='ltr'>Ι</span> <span class='ocrx_word' id='word_1_136' title='bbox 665 3119 739 3198; x_wconf 85' lang='lat' dir='ltr'><strong>post</strong></span> <span class='ocrx_word' id='word_1_137' title='bbox 752 3114 845 3178; x_wconf 91' lang='lat' dir='ltr'><strong>finita</strong></span> <span class='ocrx_word' id='word_1_138' title='bbox 859 3114 997 3198; x_wconf 87' lang='lat' dir='ltr'><strong>pericla;</strong></span> 
     </span>
     <span class='ocr_line' id='line_1_23' title="bbox 167 3224 1075 3313; baseline -0.006 -21"><span class='ocrx_word' id='word_1_139' title='bbox 167 3229 331 3313; x_wconf 91' lang='lat' dir='ltr'><strong>Militique</strong></span> <span class='ocrx_word' id='word_1_140' title='bbox 345 3227 456 3292; x_wconf 85' lang='lat' dir='ltr'><strong>Venus</strong></span> <span class='ocrx_word' id='word_1_141' title='bbox 471 3248 528 3291; x_wconf 90' lang='lat' dir='ltr'><strong>suo</strong></span> <span class='ocrx_word' id='word_1_142' title='bbox 548 3225 553 3313; x_wconf 96' lang='grc' dir='ltr'>Ι</span> <span class='ocrx_word' id='word_1_143' title='bbox 572 3226 754 3291; x_wconf 84' lang='lat' dir='ltr'><strong>instaurans</strong></span> <span class='ocrx_word' id='word_1_144' title='bbox 769 3225 853 3290; x_wconf 86' lang='lat' dir='ltr'><strong>alma</strong></span> <span class='ocrx_word' id='word_1_145' title='bbox 866 3224 1075 3308; x_wconf 81' lang='lat' dir='ltr'><strong>triumphum,</strong></span> 
     </span>
     <span class='ocr_line' id='line_1_24' title="bbox 167 3336 1031 3425; baseline -0.009 -19"><span class='ocrx_word' id='word_1_146' title='bbox 167 3341 286 3406; x_wconf 89' lang='lat' dir='ltr'><strong>Lauros</strong></span> <span class='ocrx_word' id='word_1_147' title='bbox 300 3339 389 3404; x_wconf 79' lang='lat' dir='ltr'><strong>illius</strong></span> <span class='ocrx_word' id='word_1_148' title='bbox 404 3338 506 3403; x_wconf 71' lang='lat' dir='ltr'><strong>aureis</strong></span> <span class='ocrx_word' id='word_1_149' title='bbox 528 3337 532 3425; x_wconf 99' lang='grc' dir='ltr'>Ι</span> <span class='ocrx_word' id='word_1_150' title='bbox 552 3337 618 3402; x_wconf 90' lang='lat' dir='ltr'><strong>suis</strong></span> <span class='ocrx_word' id='word_1_151' title='bbox 634 3337 774 3403; x_wconf 90' lang='lat' dir='ltr'><strong>crinibus</strong></span> <span class='ocrx_word' id='word_1_152' title='bbox 790 3336 899 3413; x_wconf 88' lang='lat' dir='ltr'><strong>ambit,</strong></span> <span class='ocrx_word' id='word_1_153' title='bbox 1029 3353 1031 3360; x_wconf 75' lang='grc'><em>’</em></span> 
     </span>
    </p>
   </div>
   <div class='ocr_carea' id='block_1_6' title="bbox 169 3445 962 3536">
    <p class='ocr_par' dir='ltr' id='par_1_7' title="bbox 169 3445 962 3536">
     <span class='ocr_line' id='line_1_25' title="bbox 169 3445 962 3536; baseline -0.013 -18"><span class='ocrx_word' id='word_1_154' title='bbox 169 3451 229 3518; x_wconf 86' lang='lat' dir='ltr'><strong>Pro</strong></span> <span class='ocrx_word' id='word_1_155' title='bbox 243 3452 384 3535; x_wconf 85' lang='lat' dir='ltr'><strong>nidoque</strong></span> <span class='ocrx_word' id='word_1_156' title='bbox 400 3448 575 3515; x_wconf 88' lang='lat' dir='ltr'><strong>eolumbuli</strong></span> <span class='ocrx_word' id='word_1_157' title='bbox 593 3446 599 3536; x_wconf 99' lang='grc' dir='ltr'>Ι</span> <span class='ocrx_word' id='word_1_158' title='bbox 618 3449 729 3514; x_wconf 89' lang='lat' dir='ltr'><strong>sidunt</strong></span> <span class='ocrx_word' id='word_1_159' title='bbox 743 3448 864 3513; x_wconf 89' lang='lat' dir='ltr'><strong>casside</strong></span> <span class='ocrx_word' id='word_1_160' title='bbox 877 3445 962 3510; x_wconf 90' lang='lat' dir='ltr'><strong>tecti.</strong></span> 
     </span>
    </p>
   </div>
   <div class='ocr_carea' id='block_1_7' title="bbox 121 3595 1156 3745">
    <p class='ocr_par' dir='ltr' id='par_1_8' title="bbox 121 3595 1156 3745">
     <span class='ocr_line' id='line_1_26' title="bbox 121 3595 1156 3666; baseline -0.008 -13"><span class='ocrx_word' id='word_1_161' title='bbox 121 3613 133 3638; x_wconf 74' lang='lat'>⁸</span> <span class='ocrx_word' id='word_1_162' title='bbox 149 3603 202 3654; x_wconf 80' lang='lat' dir='ltr'><strong>Tha</strong></span> <span class='ocrx_word' id='word_1_163' title='bbox 213 3603 306 3655; x_wconf 78' lang='lat' dir='ltr'><strong>Latina</strong></span> <span class='ocrx_word' id='word_1_164' title='bbox 316 3617 395 3654; x_wconf 84' lang='lat' dir='ltr'><strong>never</strong></span> <span class='ocrx_word' id='word_1_165' title='bbox 405 3599 535 3666; x_wconf 82' lang='lat' dir='ltr'><strong>personisy</strong></span> <span class='ocrx_word' id='word_1_166' title='bbox 545 3601 702 3661; x_wconf 79' lang='lat' dir='ltr'><strong>Pulcritado,</strong></span> <span class='ocrx_word' id='word_1_167' title='bbox 713 3601 821 3649; x_wconf 83' lang='lat' dir='ltr'><strong>because</strong></span> <span class='ocrx_word' id='word_1_168' title='bbox 831 3598 893 3660; x_wconf 81' lang='lat' dir='ltr'><strong>they</strong></span> <span class='ocrx_word' id='word_1_169' title='bbox 903 3598 968 3647; x_wconf 87' lang='lat' dir='ltr'><strong>have</strong></span> <span class='ocrx_word' id='word_1_170' title='bbox 979 3609 1076 3646; x_wconf 82' lang='lat' dir='ltr'><strong>amora</strong></span> <span class='ocrx_word' id='word_1_171' title='bbox 1091 3595 1156 3648; x_wconf 78' lang='lat' dir='ltr'><strong>solid</strong></span> 
     </span>
     <span class='ocr_line' id='line_1_27' title="bbox 463 3680 813 3745; baseline 0 -14"><span class='ocrx_word' id='word_1_172' title='bbox 463 3680 671 3745; x_wconf 81' lang='lat' dir='ltr'><strong>parsoniflcation</strong></span> <span class='ocrx_word' id='word_1_173' title='bbox 682 3682 711 3731; x_wconf 91' lang='lat' dir='ltr'><strong>in</strong></span> <span class='ocrx_word' id='word_1_174' title='bbox 724 3682 813 3731; x_wconf 74' lang='lat' dir='ltr'><strong>Venus.</strong></span> 
     </span>
    </p>
   </div>
   <div class='ocr_carea' id='block_1_8' title="bbox 0 0 1370 4256">
    <p class='ocr_par' dir='ltr' id='par_1_9' title="bbox 0 0 1370 4256">
     <span class='ocr_line' id='line_1_28' title="bbox 0 0 1370 4256; baseline 0 9"><span class='ocrx_word' id='word_1_175' title='bbox 0 0 1370 4256; x_wconf 95' lang='lat' dir='ltr'><strong> </strong></span> 
     </span>
    </p>
   </div>
  </div>
 </body>
</html>
