2730 4256
601 270 649 350 73

131 501 158 565 4.
199 501 291 566 Anni
305 500 449 566 luxuries
464 500 764 580 adveniu—avolat:

196 613 287 679 Coeli
300 611 469 697 temperies
483 613 620 678 vertiam
633 611 742 678 inseiis

196 727 395 792 Causarum:
418 730 526 790 tamen
541 731 591 790 eat
604 725 739 810 imperio
754 724 836 789 mihi

238 839 335 904 Mena
349 838 511 923 regnanda
525 862 531 902 :
554 838 660 902 animo
675 837 785 902 manet

283 950 427 1034 Ingenuo
442 949 639 1034 superandus
654 969 770 1034 aegror.

568 1146 688 1230 [ar]

280 1279 441 1344 Prncmn
455 1279 662 1346 Melbrusiam
676 1276 774 1362 probe

235 1384 273 1448 Si
288 1388 429 1468 spectare
443 1383 531 1461 velie,
547 1383 607 1448 sub
618 1383 731 1466 jubare
746 1380 852 1447 albido

278 1487 387 1552 Lunae
401 1487 503 1552 visere
518 1508 589 1551 eam
604 1487 716 1551 decet:

235 1589 321 1654 Nam
335 1591 462 1654 nudans
476 1590 574 1654 radiis
589 1589 725 1654 aureolis
741 1588 808 1653 dies

278 1693 381 1758 Canae
395 1693 537 1778 fulgidus
552 1693 679 1758 aedium

233 1796 418 1862 Fractarum
432 1817 563 1860 venerea
579 1795 746 1880 opprobrio
760 1793 894 1880 premia,

278 1899 340 1966 Sed
354 1904 453 1964 noctu
466 1899 537 1963 loca
551 1919 717 1984 permeans

233 2001 304 2066 Lux
317 2001 440 2067 incer‘ua
449 2001 535 2086 pluit
549 2002 664 2086 frigida
678 2001 832 2086 desuper;

273 2104 307 2167 N
306 2104 412 2189 igrant
426 2105 582 2190 fragmina
597 2104 762 2184 fornicum,

231 2207 274 2270 Et
286 2207 411 2292 virgata
425 2209 563 2273 fenestra
577 2208 695 2273 albicat
710 2212 842 2272 enltena.

272 2311 353 2374 Mox
366 2311 534 2376 fulcimina
547 2311 710 2376 moenium

231 2411 367 2478 Altema
381 2415 516 2498 aspicias
532 2421 588 2479 aut
603 2416 739 2480 ebenum
754 2418 811 2477 aut
832 2411 918 2490 ebur,

223 2535 226 2542 ⁴
271 2516 363 2580 Turri
378 2518 516 2582 astantia
529 2517 687 2583 maximae

228 2617 402 2685 Diffi-actae
416 2644 424 2684 ε
445 2622 537 2686 tenui
551 2627 584 2686 eb
597 2621 740 2706 margine
755 2619 899 2685 continet

269 2722 341 2787 Lux
356 2729 503 2809 argentea
517 2745 628 2790 saxeas

227 2824 399 2910 Ambageis
414 2827 510 2906 vario,
533 2828 715 2914 scriptaque
729 2848 811 2912 quae
825 2827 941 2892 docent

268 2927 367 2993 Recte
380 2929 488 2996 vivere
503 2951 560 2996 eeu
573 2931 662 2996 mori.

224 3029 261 3094 Si
275 3029 420 3098 demente
435 3033 547 3117 procul
562 3034 671 3100 Tueda
684 3052 762 3099 sono
776 3035 868 3110 furat,

266 3134 309 3198 Et
322 3136 426 3201 bustis
440 3137 544 3202 ululet
558 3159 654 3222 super

226 3235 338 3318 Bubo;
359 3239 462 3304 visere
478 3245 556 3305 tune
570 3246 603 3306 te
614 3241 712 3325 jubeo
727 3240 809 3306 sacri

267 3340 372 3406 Moles
386 3343 523 3408 Davldis
537 3345 684 3422 inclutas,

224 3428 353 3509 Selum:
374 3451 474 3530 tuque
489 3449 590 3512 redux
605 3448 696 3513 testis
712 3447 773 3513 eris
787 3445 869 3511 mihi

269 3549 304 3631 (J
304 3554 479 3636 uratueque
494 3553 637 3636 quidem)
652 3551 742 3636 prius

223 3649 302 3715 Tam
315 3651 426 3736 pulcre
440 3654 548 3720 tenere
561 3656 653 3720 triete
668 3655 766 3720 fuisse
780 3655 836 3719 nil.
