2768 4256
622 287 689 354 185

156 518 186 582 3.
232 516 336 602 Igitur
351 515 503 592 eldoriter,
518 515 587 593 viri,
607 512 613 602 Ι
631 515 736 599 patria
749 520 787 579 ut
801 516 946 595 flumina,

228 630 350 705 Monte,
365 627 450 692 valle
464 627 600 711 desuper
618 624 623 714 Ι
643 627 759 692 currite
775 628 802 691 Ο
818 628 949 693 fortiter.

228 737 365 818 Quandd
379 739 525 823 quaesita
537 739 657 803 virtute
671 759 756 804 mors
770 739 894 804 incluta

227 851 363 916 Dulcior
377 851 421 916 sit
434 851 523 935 pigro
539 851 650 914 serviti
664 850 787 934 spiritu,

229 963 407 1027 Conuenite
423 961 546 1026 fortiter
565 959 570 1049 Ι
589 963 680 1047 signa
695 963 815 1028 circum
828 962 965 1046 patrum

602 1159 705 1243 [77]

185 1308 301 1385 Aerrr,
316 1327 388 1392 rega
403 1308 443 1371 de
457 1307 580 1372 marino
600 1305 605 1394 Ι
625 1307 830 1374 concinamus
843 1309 1004 1374 maximo:

184 1417 330 1483 Gloriam
343 1419 560 1501 pronunciata
580 1417 585 1506 Ι
605 1440 687 1503 quae
700 1421 849 1504 perennis
863 1421 940 1485 huia
953 1420 1045 1499 viret,

183 1529 250 1608 Qui
264 1531 507 1613 supereursabat
521 1530 598 1594 olim
617 1528 622 1618 Ι
641 1531 792 1596 victorin
806 1553 922 1618 magno
936 1533 1025 1611 mari,

185 1641 304 1706 Omnia
318 1645 393 1706 ante
407 1661 442 1706 se
455 1641 629 1719 retrudens,
650 1639 655 1728 Ι
674 1641 781 1726 siquid
796 1644 925 1709 obviam
939 1645 1027 1709 foret.

127 1839 134 1850 .
185 1752 248 1816 Pro
263 1738 378 1816 throno
393 1752 477 1817 foros
491 1751 636 1831 habebat,
656 1750 661 1840 Ι
681 1753 842 1820 solitarius
856 1776 987 1840 regens:

185 1864 309 1929 Pontus
323 1864 393 1948 ipse
407 1865 598 1948 suppetebat
617 1861 622 1951 Ι
642 1885 740 1930 suave
754 1869 963 1946 venatoriam,

186 1975 254 2040 Ubi
267 1975 433 2059 paventeis
448 1977 543 2042 ferret
557 1982 669 2060 ageret,
690 1974 695 2063 Ι
715 1977 821 2043 otiove
835 2000 869 2044 se
884 1980 981 2045 daret

228 2089 312 2174 Ergd
327 2089 501 2154 clamemus
516 2095 549 2154 et
564 2089 769 2156 concinamus
784 2090 880 2155 simul

357 2201 438 2285 Regi
452 2201 574 2265 marino
589 2201 729 2266 maximo
743 2226 751 2281 ;

273 2315 567 2396 Persequamurque
581 2309 728 2400 vesltigia
741 2311 838 2392 illiue,

273 2423 429 2502 univiris
444 2425 578 2488 mortuis
598 2422 603 2510 Ι
622 2423 772 2488 maximis
787 2445 882 2508 super

271 2536 326 2601 Ad
339 2535 468 2600 rirbram
482 2535 626 2600 deinis
646 2532 651 2622 Ι
671 2537 836 2600 dexteram
850 2535 946 2601 sedet.

185 2761 288 2825 Hieee
303 2767 399 2824 natus
414 2759 557 2825 exsilivit
576 2758 581 2844 Ι
600 2759 695 2838 illico,
710 2759 801 2825 velut
815 2760 902 2837 deus,
1031 2842 1035 2850 Ι

185 2871 365 2937 Subvolens
379 2872 511 2936 victrice
524 2872 638 2956 penne,
658 2870 663 2960 Ι
682 2873 820 2956 petriam
834 2891 987 2956 spernens
1001 2869 1145 2933 humum.

184 2984 291 3048 Maria
304 2983 474 3048 trameavit
489 2983 601 3062 audax,
622 2981 627 3071 Ι
647 2984 755 3068 aquile
769 2990 924 3068 tanquam
938 2979 1090 3067 pervolat,

184 3096 274 3174 Quae
288 3095 400 3179 procul
414 3095 558 3160 coerulea
571 3115 668 3179 regna
686 3091 691 3181 Ι
711 3115 769 3159 sua
783 3095 874 3160 oeulo
890 3092 1074 3159 considerat.

183 3207 310 3273 Proelio
325 3207 455 3291 quidem
470 3207 603 3291 perenni
622 3204 627 3296 Ι
646 3206 731 3270 vixit
745 3211 778 3272 et
791 3203 933 3282 victorii,

183 3321 296 3404 Usque
311 3319 417 3402 quoad
431 3317 543 3383 elbedd
559 3319 673 3384 barbae
692 3316 697 3405 Ι
716 3318 853 3402 tingeret
866 3315 949 3400 pilos
963 3313 1081 3378 riibros.

183 3429 334 3514 Denique
349 3429 390 3494 ad
404 3429 525 3494 melum
539 3430 708 3496 rubentem
727 3427 732 3516 Ι
751 3433 852 3494 morte
867 3426 991 3492 fortiter
1005 3425 1134 3501 eubano,

184 3541 388 3606 Posterorum
402 3561 488 3606 nuno
502 3542 615 3606 boatus
635 3539 640 3628 Ι
658 3540 753 3606 laude
767 3537 911 3604 vanescit
924 3536 1031 3622 proba

254 3683 257 3688 ·
270 3652 355 3736 Ergd
368 3651 548 3729 clamemus,
564 3650 618 3717 &a
