2768 4256
577 661 683 745 [661
753 639 755 642 ’

215 889 244 951 1.
290 885 424 949 TEMPUS
438 871 610 968 praeteriit,
625 900 689 968 quo
703 883 815 949 Venus
830 903 925 950 aureo

331 997 382 1060 Mt
396 999 463 1061 rete
478 995 581 1061 cordis
595 996 731 1076 nexuit3

160 1179 163 1186 1
286 1106 425 1186 Quando
438 1106 616 1191 praeripuit
630 1126 755 1191 semper
768 1103 1073 1189 Amin-Amor,-

332 1219 479 1284 Mentem
494 1216 642 1303 diemque
658 1216 798 1284 somniis.

375 1329 496 1394 Forsan
507 1349 583 1414 spes
597 1349 683 1394 nova
695 1329 806 1394 floreat

375 1440 522 1519 Posthac,
538 1446 572 1507 et
584 1441 694 1506 veniat
708 1442 777 1507 dies

377 1553 501 1619 Lueens
515 1553 628 1619 mitius
642 1553 757 1618 almius
770 1577 778 1634 ;

289 1665 337 1729 At
350 1685 427 1730 sane
441 1664 525 1729 nihil
538 1665 593 1730 hio
607 1664 740 1729 dimidio
754 1665 837 1729 mihi
850 1691 852 1695 ·

332 1777 412 1841 Tam
424 1775 521 1842 melle
535 1776 668 1862 plenum
683 1777 810 1856 deferet,

289 1887 394 1966 Qutm
407 1888 526 1954 mentis
540 1887 670 1973 speeies,
685 1909 765 1972 ques
780 1888 881 1954 oeulis
896 1887 975 1974 vigil

331 2002 433 2066 Amor
442 2001 580 2067 tenelius
595 2001 741 2066 somniat.

219 2115 247 2176 2.
293 2111 328 2177 Si
341 2113 426 2178 vatis
440 2111 537 2178 fuerit
550 2112 651 2198 gloria
665 2111 805 2178 sanctior

332 2223 449 2289 thtrti
459 2224 632 2308 juventute
647 2225 760 2305 effert3

290 2333 325 2400 Si
339 2340 502 2400 eontracta
514 2334 604 2420 prius
618 2337 705 2400 frons
720 2335 913 2420 sapientium

333 2447 356 2512 J
356 2445 409 2511 aim
422 2445 500 2511 huic
514 2466 625 2512 serena
639 2447 780 2512 arriserit
793 2470 800 2511 ε

374 2559 422 2622 At
435 2579 503 2622 non
516 2579 643 2624 summa
656 2559 824 2624 meridies*

375 2668 501 2748 Laudis,
517 2669 610 2735 corde
624 2672 684 2736 sub
698 2669 821 2748 intimo,

376 2782 512 2846 Tantam
526 2780 683 2847 laetitiam
698 2783 785 2860 seret,

291 2891 420 2982 Quanta
433 2892 599 2978 personuit
613 2893 759 2959 femineis
773 2913 847 2958 suos

270 3059 272 3064 .
332 3003 593 3070 Primosamores
608 3005 738 3070 auribus
751 3028 760 3086 ;

289 3114 353 3180 Hla
366 3120 476 3182 autem
490 3117 626 3192 erubuit,
643 3117 788 3182 versibus
802 3116 923 3182 infimis

333 3227 382 3306 Se,
398 3225 499 3293 solam
513 3233 661 3307 amatam,
677 3247 711 3293 se
726 3228 807 3294 oani.

217 3339 246 3402 3.
291 3330 397 3416 Quam
410 3339 548 3425 primam
563 3339 702 3424 speeiem
715 3339 824 3424 pinxit
837 3340 939 3404 Am0r
954 3337 1052 3404 semel

334 3451 376 3516 In
391 3452 493 3531 eorde,
508 3473 597 3518 saara
609 3451 783 3536 permtnet.

291 3563 437 3643 Haeset,
452 3563 621 3630 Praeteriti
634 3584 693 3648 per
705 3564 776 3628 loca
789 3562 936 3640 marcida,

333 3673 450 3760 Siquae
463 3673 668 3761 potissimim
680 3674 794 3754 virent,
942 3673 944 3682 ’

240 3818 253 3846 ⁸
286 3809 322 3861 So
333 3809 363 3861 in
379 3816 394 3840 ¹⁴
401 3809 543 3876 Englend‘s
553 3811 639 3863 Dead”
654 3809 755 3862 Imake
764 3811 879 3862 meridies
887 3808 1018 3862 femtnine.
