2768 4256
94 770 123 836 1.

599 301 669 370 14³

410 567 516 654 [59]
615 567 865 648 (Dittyrcmtm.)

165 766 280 833 Varisl
301 785 344 831 eu
360 769 483 851 potens,
497 762 612 829 venio:
631 759 637 851 Ι
655 762 714 828 diu
727 783 821 848 saepe
835 767 957 844 vocata,

163 877 251 944 Luce
262 874 369 942 cincta
382 897 419 942 oe
434 893 532 940 suave
546 895 671 952 canens,
692 871 697 962 Ι
716 872 840 940 cunetis
855 875 989 942 collibus
1003 877 1125 947 adsum.

167 988 432 1074 Expergiscentcs
445 1007 504 1072 per
516 991 607 1072 agros
625 984 631 1074 Ι
649 985 770 1070 pedum
783 987 874 1072 signe
887 1009 1030 1055 meorum

167 1101 332 1167 Monstrat
346 1120 430 1178 aura,
445 1098 510 1184 qui
522 1097 628 1163 violae
646 1095 651 1186 Ι
670 1102 764 1162 natea
779 1107 1072 1183 commemorantur,

168 1212 334 1278 Monstrat
344 1211 497 1277 herbosas
510 1210 638 1276 radians
657 1207 663 1299 Ι
681 1212 813 1277 umbrae
825 1211 965 1296 primula
978 1215 1070 1295 reris,

168 1323 310 1390 Gcrmen
322 1328 357 1389 et
369 1322 485 1402 vncos,
499 1321 582 1386 mihi
595 1342 630 1388 00
648 1318 654 1410 Ι
671 1323 816 1406 pandens
829 1326 1051 1410 praetereunti

120 1597 127 1613 .
170 1545 323 1614 Maridiei
336 1545 458 1631 patulis
477 1543 483 1634 Ι
502 1545 656 1611 exhalans
671 1565 769 1630 super
780 1547 875 1625 arvis,

103 2327 132 2394 3.

170 1657 279 1724 Silvae
292 1655 395 1721 affudi
409 1661 576 1722 castaneae
595 1655 600 1744 Ι
619 1657 708 1722 mille
722 1655 826 1722 millia
839 1658 954 1723 flomm
966 1682 975 1739 3

170 1768 360 1852 Paesimque
374 1766 410 1831 in
425 1767 546 1852 campis
561 1767 654 1832 Italis
673 1765 679 1855 Ι
697 1767 804 1832 virum
817 1768 923 1852 prisca
938 1769 1084 1855 sepulcra

171 1878 389 1963 Dilapsaequo
403 1877 497 1943 aedes
511 1877 608 1942 viridi
626 1875 631 1965 Ι
650 1877 757 1942 nitent
770 1883 855 1946 tecta
870 1880 991 1947 coroni„

174 1991 240 2058 Sed
252 1991 467 2075 majorentes
481 1989 636 2073 prohibet,
655 1987 661 2078 Ι
679 1991 805 2074 replens
820 1995 962 2059 membra
975 1995 1089 2081 vigore,

173 2103 225 2169 110
238 2101 280 2168 (10
293 2100 396 2216 ruinis
409 2120 581 2166 memorem
601 2099 605 2188 Ι
624 2102 763 2182 moestis,
777 2124 860 2171 neve
873 2105 1027 2192 sepulcro.

175 2327 218 2392 In
230 2324 422 2412 procellosos
436 2325 556 2391 Boreae
575 2322 580 2413 Ι
600 2325 709 2392 0011010
724 2326 915 2411 despicienti

174 2436 274 2504 Cirris
287 2436 448 2502 fimbriata
460 2437 543 2502 lirin
561 2435 566 2525 Ι
585 2436 682 2503 lentis
696 2459 730 2504 so
744 2439 826 2504 mihi
836 2441 959 2524 jactet;

172 2549 312 2635 Jamque
326 2549 466 2635 piscator
478 2571 536 2635 per
550 2571 648 2635 aquas
666 2549 673 2640 Ι
693 2558 845 2638 evagatur
858 2551 988 2637 apricas,

174 2662 220 2727 Et
232 2682 347 2728 vernos
361 2662 515 2728 emendus
529 2683 619 2748 agros
638 2662 644 2752 Ι
661 2664 819 2748 persultet
832 2665 914 2749 pede
928 2663 1017 2732 liber.

175 2773 278 2839 Pinus
293 2777 326 2839 et
339 2773 430 2839 lauti
443 2775 524 2840 fecis
542 2772 548 2862 Ι
566 2776 710 2842 molliore
723 2777 860 2855 virescit,

175 2884 221 2950 Et
233 2905 363 2951 muscus
377 2885 515 2964 nitescit,
529 2887 587 2951 ubi
603 2885 609 2976 Ι
627 2909 719 2954 meus
732 2908 789 2973 pes
803 2887 990 2973 pexugravie.

107 3109 137 3174 4.
179 3107 242 3174 Per
255 3107 357 3174 saltis
370 3108 474 3174 vireta
487 3109 585 3176 libris
604 3109 609 3199 Ι
629 3132 738 3177 auram
753 3112 876 3178 fervide
889 3112 970 3192 misi,

108 3275 112 3284 .
178 3221 269 3300 Quae
283 3220 371 3286 caelo
386 3221 426 3286 dc
440 3242 600 3307 purpureo
619 3220 625 3310 Ι
643 3244 755 3288 vocem
770 3243 930 3309 quamque
945 3223 1061 3303 cievit3

179 3330 253 3398 Sive
268 3352 366 3418 quam
380 3337 537 3397 nocturna
551 3339 643 3398 sonet
662 3331 667 3421 Ι
686 3333 759 3399 luco
773 3341 885 3420 arguta
899 3337 1022 3420 tepenti

180 3441 222 3508 In
234 3442 351 3509 insulis
366 3443 581 3528 Hesperidum
600 3442 605 3532 Ι
624 3445 734 3510 subter
748 3453 833 3510 astra
846 3446 1004 3527 volicris3

181 3552 255 3620 Sive
269 3575 368 3640 quam
381 3554 533 3640 palustria
548 3555 615 3621 olor
633 3554 638 3644 Ι
658 3555 771 3620 Insuli
783 3557 819 3620 in
834 3555 971 3622 Gleciali

181 3663 318 3754 Olangit,
333 3672 372 3732 ut
385 3671 545 3734 recentem
554 3667 646 3736 ubios
665 3665 671 3754 Ι
690 3667 790 3732 sumit
804 3666 894 3752 nigra
907 3667 1051 3734 virorem.
