2752 4258
646 283 694 348 49

338 511 451 578 Procul
465 516 497 576 et
511 511 590 575 oeeh'
603 509 737 574 fulmine
750 509 853 593 majus

380 622 557 707 Strepitent
569 623 663 686 rubra
673 621 799 706 fulgura
811 617 896 685 belli.

264 738 291 798 5.
337 733 582 811 At‚-ct,·r[1bri0r
594 733 645 796 his
660 753 755 815 super
769 732 893 796 arcibus

338 847 401 914 Illa
412 844 557 931 flegrabit
571 845 645 908 nive
660 841 834 930 sanguinet

338 958 409 1022 Lux
422 958 524 1022 tincto
537 981 545 1036 3
567 955 699 1039 ruetque
715 954 809 1020 leeris
823 953 916 1038 porro

380 1068 496 1134 Veloce
510 1067 669 1132 cruentior
682 1065 776 1130 unde.

266 1181 293 1243 6.
337 1178 496 1258 Luciscit;
518 1177 655 1242 necdum
668 1176 723 1240 ille
736 1176 867 1241 humilis
882 1175 931 1241 sol

336 1289 454 1353 Lucida
467 1287 583 1353 Me1tis
596 1292 743 1372 penetret
756 1287 875 1365 nubila,

335 1401 394 1465 Vis
409 1401 466 1465 ubi
480 1401 594 1465 Frunoi
608 1404 703 1483 atque
715 1399 852 1483 impetus
867 1396 983 1462 Hunni

377 1512 467 1577 Tecti
480 1511 540 1576 sub
554 1511 674 1576 sulfure
688 1510 847 1594 clangunt.

264 1624 292 1689 7.
337 1623 452 1688 Acrius
467 1623 585 1688 ardent.
630 1623 680 1688 Ite
695 1623 723 1687 0
737 1641 890 1706 prorsum,

336 1735 501 1818 Quotquot
516 1734 611 1799 decus
625 1754 643 1798 e
656 1739 757 1798 morte
773 1731 931 1817 oppetitis.

336 1845 506 1910 Monechi!
526 1845 605 1910 heus
619 1849 625 1908 1
646 1849 704 1910 tue
717 1845 808 1928 signe
821 1843 914 1928 agite,
925 1843 1030 1927 jecto:

379 1957 414 2021 Si
428 1956 506 2041 quid
520 1962 618 2040 potes,
637 1957 721 2020 irrue
734 1953 832 2022 fortis

265 2073 292 2132 8.
310 2131 312 2140 A
331 2068 438 2132 Multi
452 2073 573 2145 coeunt,
596 2068 690 2152 pauci
704 2064 876 2132 excede‘nt:

336 2179 446 2244 Plures
460 2177 549 2243 lodix
563 2178 647 2242 nivis
663 2178 820 2261 obvolvet¹
861 2227 863 2232 .

336 2289 407 2367 cue
416 2310 473 2374 pes
487 2289 628 2375 graditur
642 2309 775 2372 cunque,
790 2287 849 2352 sub
864 2287 951 2352 omni

307 2458 310 2466 1
350 2467 353 2474 ,
369 2401 556 2484 Puequiescet
570 2401 688 2484 cespite
702 2400 801 2466 miles.

620 2662 725 2746 [17]

263 2861 291 2922 1.
337 2859 416 2935 Nos,
432 2857 510 2922 dum
523 2857 658 2922 nebulae
669 2858 765 2940 jubar
777 2855 950 2932 hibernum

334 2970 442 3032 Lunae
456 2968 607 3033 abdentes
621 2967 768 3054 equitant
781 2973 884 3058 sfipru,

334 3080 445 3146 Furias
458 3081 542 3146 inter
555 3081 652 3160 venti,
671 3081 788 3152 fluctus

375 3192 610 3278 Exsuperomus
631 3193 830 3259 decumanos.

301 3357 303 3364 .
331 3307 420 3372 Num
434 3327 507 3373 cum
520 3325 657 3370 messore
671 3326 746 3374 arva
759 3325 817 3388 per
829 3303 926 3389 eride

334 3419 415 3482 Cum
428 3417 509 3482 bene
522 3421 607 3481 tecto
622 3415 739 3500 populo
754 3415 883 3496 urbano,

334 3530 415 3593 Cum
428 3548 500 3612 rege
515 3527 650 3592 cubante
664 3525 730 3590 levi
743 3525 779 3590 in
792 3523 902 3610 plume

374 3641 496 3705 Sortem
510 3637 729 3707 mutabimus?
750 3637 857 3718 immo.

645 3765 666 3814 Ε
