2730 4256
599 301 669 370 113

294 530 317 594 J
317 550 370 594 am
384 550 473 594 rosae
487 529 632 615 neglecta
645 536 779 616 vagatur
793 551 891 598 aura:

339 642 531 706 Oonsertura
544 662 659 708 manus
673 645 810 710 recessit.

292 752 315 816 J
316 773 368 816 am
379 754 490 836 jaaeni
499 753 664 838 incognita
678 755 761 819 dona
775 755 878 836 vatis;
893 737 896 743 ⁵

337 863 512 928 Cantatum
525 864 642 930 labella
656 865 780 930 desunt.

218 976 249 1040 2.
293 974 360 1041 Ver
372 973 646 1059 potesi'frondera
663 979 718 1042 sed
732 977 816 1042 hane
831 983 971 1044 amatam

335 1087 513 1171 Nunquam
528 1087 651 1153 deliciis
667 1089 794 1154 fovebit.

292 1197 388 1276 Hora
405 1219 486 1283 quae
501 1199 663 1283 quondam
677 1221 848 1285 properans
864 1201 981 1282 abibat,

268 1301 270 1310 '
335 1309 413 1373 Non
423 1310 492 1393 jam
506 1331 541 1374 se
554 1310 720 1394 praehibet
733 1311 903 1377 volflcrem.
1030 1333 1036 1348 ·

293 1421 388 1485 Hane
402 1441 508 1506 prope,
525 1433 628 1488 annus
642 1423 745 1488 instar
758 1430 826 1488 erat
841 1424 924 1506 diei;

336 1532 416 1598 Dies
430 1533 479 1596 nil
493 1535 562 1612 fuit,
577 1533 639 1600 hae
653 1540 810 1602 manente.

188 1715 190 1720 ,
292 1644 391 1728 Virgo
405 1665 464 1709 nee
479 1645 624 1710 festivior
638 1652 687 1712 est
701 1652 812 1725 ereata,

335 1757 404 1822 Nea
418 1757 530 1822 fletum
544 1756 622 1822 tulit
637 1757 808 1824 almiorem.

583 2021 678 2105 [48]

138 2217 165 2277 1.
210 2215 237 2278 Ο
251 2213 337 2279 vasti
351 2214 487 2281 volieris
502 2215 608 2294 maris,
626 2214 631 2298 Ι
649 2237 739 2301 quaa,
753 2217 945 2302 pulcerrima
959 2225 1059 2300 motu,

109 2309 113 2320 ’
248 2326 354 2392 Velox
367 2327 452 2392 inter
465 2327 555 2412 agros
571 2333 604 2393 et
618 2349 705 2393 mare
720 2349 877 2394 eommeas
889 2353 898 2410 ;
937 2397 938 2400 ,

211 2439 297 2502 Tuae
311 2459 406 2523 saepe
419 2439 502 2503 mihi
516 2438 630 2504 domfis
649 2442 653 2521 Ι
671 2441 855 2505 obversatur
870 2441 981 2527 imago,

248 2549 352 2614 Pullis
368 2571 440 2615 ears
453 2551 527 2629 tuis,
542 2571 601 2616 nea
615 2551 698 2615 mihi
713 2573 778 2616 non
793 2553 930 2636 placens.

138 2662 165 2723 2.
209 2663 265 2738 Tu,
281 2661 416 2726 candore
430 2682 518 2726 mero
532 2667 646 2739 nitens,
666 2661 671 2743 Ι
689 2665 865 2728 errabunda
879 2665 998 2744 volatu,

206 2826 208 2830 .
253 2773 316 2837 Per
330 2773 465 2837 densum
479 2772 587 2838 fluitas
603 2774 731 2840 aethera
745 2775 861 2856 libere;

211 2885 337 2968 Gyrove
352 2885 503 2972 absiliens
517 2906 606 2970 vago,
624 2883 630 2965 Ι
648 2886 871 2971 eficibansque
885 2888 921 2952 in
934 2892 1088 2973 agrestem

250 2997 377 3060 Ludum
391 2997 581 3082 praecipitas,
597 3019 651 3062 eor
664 2998 746 3064 mihi
761 3000 929 3066 fascinans.

140 3109 167 3171 3.
212 3109 263 3185 Te,
279 3115 448 3192 spumante
463 3109 538 3187 selo,
553 3108 612 3174 tui
629 3108 635 3190 Ι
651 3108 745 3195 longe
760 3133 779 3175 a
794 3111 867 3176 sede
881 3116 1035 3177 remotam

249 3219 431 3284 Pratenseis
447 3221 488 3285 ad
503 3241 609 3305 aquas,
626 3219 686 3286 sub
700 3243 829 3286 nemore
843 3223 995 3301 abditam,

186 3349 188 3356 ’
210 3332 346 3414 Septem
360 3337 447 3397 trans
462 3332 541 3396 rude
554 3331 698 3417 ligneum
716 3331 721 3415 Ι
739 3334 902 3412 scandens,
917 3354 1011 3420 saepe
1025 3336 1145 3414 tuebar,

251 3445 354 3507 Corvo
369 3464 469 3527 quum
485 3463 614 3528 euperes
629 3443 739 3508 ludere
755 3465 828 3509 eum
842 3449 938 3529 nigre.

137 3555 165 3616 4.
210 3555 252 3618 Et
266 3554 338 3618 vidi
352 3555 481 3620 niveam
495 3560 598 3632 tuum,
616 3557 622 3641 Ι
640 3560 728 3620 stans
742 3555 778 3618 in
791 3554 905 3634 littore,
921 3557 1043 3641 prolem

170 3701 174 3711 ·
250 3667 408 3744 Praedam
423 3667 533 3740 subter
548 3667 640 3751 aquis
655 3687 803 3752 quaerere
817 3666 961 3753 limpidis
974 3693 983 3736 ε

619 3793 645 3841 Η
