2730 4256
602 288 650 356 83

571 543 671 634 [33]

144 741 166 802 1.
205 741 274 804 Jnn
289 740 322 802 N
323 760 365 804 ox
379 759 534 804 oceanum
548 759 606 804 suc
626 739 631 827 Ι
650 740 763 804 furtim
777 741 922 804 obvolvit
937 739 1056 804 amictu

203 851 309 935 Nigro,
323 849 507 936 languidius
522 849 574 914 die
593 847 598 937 Ι
618 851 791 916 decedente
804 851 965 916 fluentem.

203 961 302 1026 Turdo
316 960 516 1046 progreditur
529 961 618 1044 pede,
639 959 644 1048 Ι
664 962 795 1026 collium
809 963 921 1046 procul
935 981 1015 1038 orae,

204 1073 291 1149 Quae
306 1092 393 1135 nunc
407 1071 532 1136 caerula
545 1071 712 1154 prominet,
733 1072 738 1161 Ι
757 1074 933 1140 obductura
947 1074 1091 1138 tenebras
1107 1096 1113 1134 :

203 1188 311 1270 Atque
326 1183 413 1249 unda
426 1184 523 1249 viridi
537 1186 633 1250 maris
652 1184 659 1270 Ι
676 1184 735 1249 lux
749 1184 814 1268 qua
827 1185 948 1268 pallida
960 1185 1057 1248 lunae

201 1298 330 1362 Dormit
343 1298 380 1362 in
393 1297 536 1376 tremuli,
558 1295 562 1385 Ι
582 1319 675 1383 scpcr
688 1277 741 1362 vel
754 1318 869 1362 navem
884 1317 960 1361 suus
975 1301 1073 1378 unget

136 1409 163 1470 2.
204 1410 254 1472 En
268 1409 366 1474 cubat
379 1409 504 1496 Veneta
517 1413 600 1488 urbs,
617 1409 780 1497 maragtdo
795 1411 974 1488 succincta;
998 1409 1053 1473 scd
1068 1407 1124 1470 clli

202 1520 294 1584 Circa
306 1540 519 1587 marmoreum
535 1529 634 1606 caput
652 1523 657 1606 Ι
675 1522 777 1588 noctis
792 1523 927 1609 ingemit
941 1543 1024 1586 aura.

202 1631 251 1694 Ex
265 1630 340 1694 altis
355 1631 441 1696 oculi
454 1634 575 1699 micant
594 1633 599 1721 Ι
618 1636 798 1700 transennis
813 1637 980 1712 radiantes,

202 1742 342 1808 Olaricra
356 1743 449 1826 quasi
463 1750 548 1810 astra
561 1743 665 1810 fronte
684 1742 688 1831 Ι
708 1746 744 1809 in
756 1747 861 1810 noctis
875 1745 1049 1810 tenebrosa.

133 1858 162 1918 3.
202 1857 298 1920 'Nunc
313 1855 349 1920 in
363 1856 508 1920 asennec
520 1857 600 1922 levis
620 1855 624 1944 Ι
644 1858 741 1922 saltat
756 1859 868 1941 cymba
882 1858 1007 1942 palude,

201 1971 243 2033 Et
256 1969 337 2034 remi
352 1967 467 2034 celeres
482 1969 541 2032 sub
557 1966 722 2058 artgentet
735 1969 807 2034 luce
822 1974 995 2034 coruscant.

204 2080 385 2145 Illabuntrn
398 2077 482 2162 aqua
496 2079 567 2142 soni
586 2076 590 2165 Ι
611 2079 650 2143 da
664 2079 825 2143 testudine
839 2079 966 2157 dulces3
1119 2157 1121 2160 Ι

201 2193 298 2255 Retro
311 2188 453 2254 laetitiae
464 2189 607 2272 jocisque
627 2188 631 2277 Ι
651 2189 879 2254 interclamitat
892 2191 989 2254 Echo.

200 2303 285 2368 Talis
300 2304 371 2368 visa
384 2299 497 2389 procui
510 2325 567 2368 suo
582 2303 617 2366 in
637 2301 641 2390 Ι
660 2303 762 2368 fluctu
776 2302 861 2366 clara
878 2303 1072 2376 recumbens,

199 2415 302 2481 Terris
316 2417 393 2482 urbs
407 2417 533 2482 Veneta
547 2416 678 2492 annitet,
699 2412 703 2501 Ι
723 2415 889 2498 delapsum
903 2415 994 2478 velut
1009 2419 1136 2476 astrum.

560 2609 671 2696 [34]

96 2763 118 2823 1.
160 2761 252 2826 Terra
265 2760 370 2824 millia
383 2760 473 2824 mille
487 2782 544 2824 nos
564 2755 569 2847 Ι
589 2761 744 2844 disjungit
758 2781 845 2826 mare
859 2781 1018 2845 magnum,
1045 2829 1047 2832 ,

31 2913 35 2922 .
159 2875 256 2958 Cujus
271 2874 306 2936 in
320 2873 457 2957 strepitu
470 2872 554 2936 truci
572 2870 577 2959 Ι
596 2873 825 2937 resultantibus
838 2873 933 2936 undis

157 2985 356 3061 volutamur,
371 2983 421 3048 nti
435 2984 525 3047 nives
545 2981 550 3069 Ι
570 2983 750 3047 colludente
765 2982 910 3066 procella.

157 3097 236 3161 Vela
250 3095 416 3160 dissiliunt
429 3074 502 3172 fere,
523 3093 528 3181 Ι
547 3101 701 3178 tanquam
716 3095 878 3173 stramina
892 3103 1007 3175 vant03

156 3210 387 3292 italorumque,
403 3212 441 3271 ut
456 3209 656 3286 arundinum,
677 3207 682 3295 Ι
700 3209 751 3272 vis
765 3209 893 3272 robusta
909 3211 1059 3273 vibratur.

159 3320 328 3385 Ancoralia
342 3319 485 3384 maxima
504 3317 508 3406 Ι
528 3320 708 3403 ferreaeque
722 3325 860 3396 catenae,

158 3433 206 3510 Et,
222 3433 319 3496 robur
333 3432 580 3516 supereminens,
601 3430 605 3518 Ι
626 3452 777 3516 compago
792 3433 890 3497 trabis
904 3432 993 3495 imae

159 3544 300 3621 Lacerat,
316 3543 458 3627 crepitat,
473 3543 593 3626 gemit:
613 3541 618 3628 Ι
637 3543 768 3606 tandem
782 3551 815 3608 et
829 3565 926 3608 saxea
938 3546 1034 3612 vireis

156 3655 237 3721 Suas
251 3655 347 3720 corda
359 3655 556 3731 renunciant,
576 3652 581 3739 Ι
600 3653 634 3716 vi
645 3653 778 3732 devicta,
800 3656 958 3739 superbas.
