2730 4256
662 282 711 348 93

346 515 396 578 Ex
411 513 583 596 plangente
598 509 665 574 salo
680 531 761 593 quae
777 513 882 578 tenire
898 517 938 579 ad
953 539 1027 581 suas

391 624 529 688 Umbras
543 621 644 686 laetat
658 620 817 686 amabiles.

315 737 345 799 4.
391 743 407 765 “
418 732 526 797 Saltus
540 732 701 809 floriferas,
718 753 816 815 aquas
869 775 872 780 -

390 853 405 876 “
418 844 535 921 Claros,
549 843 689 908 vallibus
704 865 814 908 aureos

390 967 406 990 “
417 956 566 1023 Fructu'
589 954 794 1038 blandiloque
809 965 923 1032 sonant

434 1065 588 1131 “Insulas
602 1086 660 1148 per
675 1087 789 1148 opacas
799 1068 825 1146 ;”

347 1182 389 1242 Et
403 1184 476 1262 post
489 1184 579 1262 terga
592 1177 670 1241 ratis
685 1178 843 1262 solivagae
858 1182 964 1246 ferunt

388 1293 479 1354 Varla
493 1290 618 1354 somnia
631 1290 753 1354 fervidi.

318 1407 345 1466 5.
391 1403 452 1478 Sic,
468 1402 524 1485 qui
540 1400 680 1466 earmina
693 1402 833 1486 pangitis

390 1515 496 1589 Vates,
512 1518 619 1588 vestra
634 1535 748 1578 canora
761 1536 825 1578 vox

388 1626 508 1688 Turbas
524 1625 624 1708 spirat
638 1624 674 1688 in
689 1626 800 1689 anxias

431 1737 517 1801 Cura
531 1739 626 1802 eorda
638 1739 838 1821 prementeiS,

346 1854 387 1914 Et
401 1852 500 1915 lassos
516 1849 639 1913 animos
653 1849 740 1912 haud
755 1871 845 1914 secus
860 1850 963 1914 halitu

390 1961 519 2026 Caelesti
533 1960 664 2044 penitus
678 1960 768 2043 rigat.

319 2078 346 2135 «ὁ.
391 2074 426 2136 Si
440 2071 505 2155 qua
518 2071 680 2136 nascimur
694 2071 799 2148 altius,

389 2184 494 2248 Vireis
508 2183 584 2246 inda
599 2204 673 2248 suas
687 2184 824 2260 trahens

388 2295 499 2358 Tinnit
514 2294 691 2359 aetherium
706 2295 815 2371 melos

432 2406 567 2470 Pulsum
583 2407 675 2470 eorde
688 2427 869 2489 perennem,
901 2435 903 2440 ·

351 2519 397 2581 lle
411 2516 487 2581 vivat
500 2537 667 2582 remanens
682 2518 760 2594 luce,
776 2519 913 2582 virentia

388 2629 509 2692 Mentis
524 2650 581 2712 per
594 2629 664 2694 looa
679 2651 759 2712 quae
774 2630 878 2694 micat.

321 2741 346 2804 7.
392 2741 481 2815 Tum,
497 2740 598 2823 siquis
609 2742 738 2824 juvenis
752 2743 805 2826 pie

389 2852 558 2928 Quondam
572 2858 684 2935 peetus
700 2875 810 2918 amans
825 2856 898 2917 boni

391 2963 497 3044 (Hent
519 2983 645 3028 rursum
661 2963 723 3026 oito
738 2965 888 3048 perfidus)

430 3072 538 3138 Multa
551 3074 642 3137 vovit
657 3074 690 3138 in
707 3075 783 3138 aede
796 3101 804 3154 ;

271 3249 275 3262 .
346 3185 444 3250 Feliei
457 3187 544 3250 huno
558 3186 699 3252 recolens
715 3189 860 3267 carniino,
877 3191 929 3255 dia
944 3213 1035 3256 mous

389 3300 505 3364 Sancto
519 3299 662 3366 restituit
682 3301 760 3366 Dea.
