2752 4258
620 303 667 370 25

224 533 372 599 Visemus
387 531 549 608 Pelecdna,
564 529 673 596 silenti
687 530 745 614 qui
759 530 848 596 sedet
862 551 921 608 ore,

308 643 440 710 Boreele
453 665 510 728 per
524 643 696 708 silentium.

129 759 180 821 12.
224 757 283 821 Sin
295 777 353 822 vos
367 755 506 820 aestivae
520 754 622 820 duleis
638 753 724 837 capit
737 751 858 818 halitus
873 771 966 816 aurae

307 865 509 932 Ferventiore
524 865 564 930 ab
579 885 720 949 aequore,

223 977 319 1042 Illam
333 977 417 1063 agite
432 978 468 1056 Ο,
483 977 598 1041 fortem
610 997 737 1041 mecum
752 975 953 1042 conscendite
967 995 1093 1053 navem,

307 1089 351 1152 Et
363 1109 450 1154 rnare
464 1109 660 1173 pererremus
675 1088 779 1154 simul

592 1343 698 1428 [10]

105 1542 133 1602 1.
180 1540 272 1602 Esco
288 1538 371 1623 agite
376 1562 385 1618 ;
408 1538 491 1604 hanc
505 1540 619 1604 fortem
634 1559 749 1604 navem
764 1538 983 1605 conscendite:
1004 1537 1045 1602 cd
1059 1557 1169 1603 eurem

264 1651 313 1713 Tu
327 1650 432 1733 pende
446 1650 518 1715 velo
531 1649 638 1716 liberi.

178 1761 267 1826 Arva
280 1766 402 1826 remota
415 1761 497 1845 polo,
512 1768 642 1846 regnate
657 1763 767 1841 calore,
783 1767 940 1847 petemus,

266 1873 350 1938 Curio
363 1871 474 1939 relicti
488 1893 525 1938 ac
538 1874 659 1958 frigore.

105 1987 134 2048 2.
181 1980 326 2069 Surgite!
348 1983 521 2050 cerchdrias
535 1985 632 2068 piscis
646 1984 781 2070 vestigia
794 1985 886 2049 nevis

265 2095 307 2158 In
322 2095 412 2180 aquis
427 2101 578 2180 sequetur
592 2096 747 2162 coerulis:

178 2205 325 2270 Flemina
338 2226 395 2292 per
407 2211 547 2286 ventose,
562 2209 658 2273 moris
673 2229 768 2292 super
782 2207 891 2273 abdite
905 2226 992 2283 saxa,

264 2319 360 2383 Retro
374 2324 483 2384 temen
497 2339 562 2382 non
575 2319 737 2383 vertimur.

103 2432 133 2492 3.
180 2429 246 2493 Olli
260 2431 378 2510 confisi,
394 2433 460 2497 solo
476 2433 533 2516 qui
548 2431 680 2496 numine
693 2432 809 2496 fluctis

127 2613 131 2624 ι
264 2541 365 2606 Maris
379 2543 559 2608 tremendos
574 2543 738 2623 continet;

178 2653 342 2718 Oceanum
356 2661 526 2739 augustum
540 2657 721 2734 transvecti,
734 2656 844 2720 littore
857 2674 966 2736 gressu

264 2764 370 2848 longe
383 2785 563 2848 prememus
576 2766 722 2850 plurime.

101 2874 134 2936 4
179 2873 269 2938 Dum
282 2873 391 2939 stabili
405 2897 499 2942 eursu
512 2877 599 2942 reotd
612 2878 820 2962 procedimus,
833 2877 971 2942 Austros

262 2986 404 3064 Petente‚
418 2986 553 3070 desuper
566 2987 664 3052 simul

125 3102 128 3108 ⁴
177 3095 300 3161 Clarius
316 3098 476 3181 expandet
490 3120 647 3164 cameram
661 3100 832 3166 ferventior
846 3099 945 3164 altam

262 3209 415 3276 Caelestis
429 3210 532 3274 indies
545 3210 646 3294 polus.
765 3231 773 3248 ·

102 3322 130 3384 5.
175 3321 226 3386 De
241 3326 334 3387 nocte
347 3321 384 3386 in
397 3327 524 3387 noctem
537 3322 654 3406 volupe
669 3327 718 3387 est
732 3321 912 3406 dignoscere
926 3339 1029 3403 porro,

261 3435 390 3519 Cyanee
403 3455 460 3518 per
474 3435 631 3512 sublimia,

175 3546 325 3631 Nigrenti
339 3567 434 3631 super
448 3567 563 3611 oceano
577 3546 736 3611 radiantia
750 3545 833 3611 olere

262 3658 377 3742 Ignota
390 3657 482 3723 nobis
497 3658 599 3724 sidera
612 3683 619 3724 ε
