2730 4256
590 271 657 340 101

286 498 426 565 Frondes
440 498 593 566 deciduae
607 506 738 586 erepant

285 611 412 675 Marsae
427 610 548 696 frigore,
564 611 642 676 dum
656 611 767 696 procul

160 720 256 787 Plena
269 741 347 786 voce
362 720 475 786 alacris
489 722 565 786 boat
583 720 589 810 Ι
608 728 728 787 venatu
742 723 832 790 crinis
846 723 979 791 instans.

98 832 122 899 7.
287 831 409 896 Silvam
423 837 501 897 tnnc
516 854 642 918 qnoque
657 833 757 898 latam
771 855 863 916 am0;

285 943 360 1010 Sive
374 943 423 1010 sol
438 944 586 1029 equitans
601 945 698 1030 snpra

158 1058 289 1122 Saenam
302 1055 448 1140 perlinat,
464 1055 596 1121 auretm
615 1053 620 1144 Ι
640 1057 818 1142 splendens,
833 1058 1072 1140 versicolorem

96 1169 120 1232 8.
286 1166 362 1232 Sive
377 1166 517 1232 obducta
529 1168 675 1252 vaportiis

158 1278 256 1362 Spiris
270 1298 346 1342 rura
358 1273 645 1366 pererretarlgenti
659 1279 792 1344 flaccida
806 1281 914 1360 nubes,

282 1389 476 1482 Perplexnm
491 1411 604 1454 nemus
619 1391 787 1475 implicans
800 1415 809 1472 ;

93 1503 120 1565 9.
160 1501 298 1588 Crispati
308 1501 424 1586 juveni
438 1500 528 1566 velut
547 1497 552 1588 Ι
571 1500 687 1566 viduae
701 1501 777 1566 licia
791 1501 857 1567 veli
885 1491 888 1500 ’

285 1613 401 1679 Celent
414 1612 539 1676 lumina
552 1611 692 1697 pallidae

157 1725 385 1792 Pulcritudinis
400 1724 504 1804 anxia,
524 1722 529 1812 Ι
548 1724 602 1789 vel
616 1724 751 1790 subinde
765 1725 917 1790 revelant.

572 1921 683 2004 [42]
802 2025 805 2030 ,

212 2077 240 2138 1.
287 2072 340 2137 Ur
354 2070 492 2136 Nereide
507 2075 540 2137 et
554 2071 649 2136 AEolo

285 2183 450 2260 Quaedam
464 2182 630 2267 progenies
645 2189 735 2263 sata;

282 2295 450 2359 Denatans
465 2293 668 2378 scaphulam
682 2293 741 2360 sua

155 2405 336 2472 Unionibus
351 2404 472 2470 ambita
490 2402 496 2492 Ι
514 2405 634 2490 pulcris
648 2405 737 2469 intus
752 2409 785 2469 et
800 2409 910 2469 extra:

152 2521 268 2586 Laetus
282 2538 449 2604 permane,
463 2539 521 2602 per
535 2537 629 2595 mare,
647 2519 653 2603 Ι
670 2517 767 2582 Laeta
781 2517 815 2580 N
816 2515 935 2582 autilus
950 2516 1091 2602 explicat

153 2629 285 2698 (larbasi
297 2628 405 2694 tenuis
420 2633 527 2692 antem
546 2624 551 2716 Ι
571 2627 703 2692 sericam
717 2627 883 2693 fluitantis.

210 2743 238 2805 2.
284 2739 361 2804 Non
375 2740 416 2804 ob
430 2739 524 2817 bella,
539 2759 643 2822 neque
658 2739 699 2803 ob
713 2738 870 2817 litorum*

281 2850 344 2917 Sed
359 2871 417 2916 sno
431 2851 524 2936 genio
539 2851 677 2936 placens,

154 2961 365 3029 Lassitudinis
380 2983 417 3026 aa
432 2962 526 3027 famis
545 2959 551 3049 Ι
569 2963 704 3042 naseins,
718 2983 909 3048 parasangas

283 3073 346 3137 Per
358 3073 479 3138 multos
493 3079 580 3137 meat
594 3073 737 3158 impigre.

153 3184 280 3249 Praeter
293 3182 404 3247 littora
417 3182 557 3268 plurima
574 3187 579 3271 Ι
597 3184 727 3248 Praeter
741 3204 889 3268 saxaque,
905 3205 971 3248 non
984 3189 1093 3249 movet

279 3293 406 3372 Velum,
421 3294 539 3379 remige
554 3294 602 3358 nil
617 3296 689 3379 opu'
705 3295 752 3360 'st

282 3406 311 3471 Ο
326 3405 424 3490 quam
437 3426 490 3470 me
504 3405 601 3485 lubet,
616 3413 655 3471 ut
668 3413 762 3473 vetus

152 3517 255 3583 Fortis
268 3517 382 3583 navita
394 3517 428 3581 N
429 3516 556 3595 antilus,
576 3513 581 3604 Ι
601 3517 647 3582 sia
661 3539 786 3584 cursare
800 3540 858 3603 per
872 3517 991 3582 altum!

105 3659 118 3684 ⁸
144 3651 221 3703 Lucri
231 3651 280 3703 has
289 3667 308 3703 a
318 3652 393 3703 short
402 3651 431 3701 in
442 3651 526 3702 Plant.
536 3651 607 3738 IJers
617 3655 642 3713 4,
658 3658 682 3714 4,
694 3654 749 3713 118,
761 3655 812 3704 and
822 3653 972 3718 apparently
982 3653 1127 3708 elsewhere.
