2730 4256
610 281 679 349 105
772 346 775 351 .

279 512 306 578 7.
350 511 438 576 Dein
450 516 557 576 motis
572 509 771 575 inamabileis

348 622 471 688 Vidisti
484 623 605 707 positos
620 621 716 686 maris
729 644 738 701 ;

350 734 484 814 Quando
499 733 647 818 provenit
660 732 760 798 altera

218 847 337 912 Rerum
351 847 459 924 forma,
475 846 580 910 minor
592 850 701 909 tamen
721 842 726 932 Ι
745 845 911 928 majestate
925 843 1048 928 prioris.

275 1073 303 1136 8.
347 1068 469 1134 Vidisti
483 1089 611 1153 quoque
624 1074 663 1133 tu
676 1067 751 1153 geni

117 1257 122 1264 ¹
139 1253 144 1261 ,
217 1181 381 1266 Spumosis
396 1181 436 1245 ab
451 1180 543 1264 aquis
557 1201 657 1245 novas
676 1176 682 1266 Ι
700 1180 787 1244 vitae
800 1179 890 1245 mille
903 1180 1027 1265 figuras

241 1318 243 1322 ’
340 1292 511 1377 'Ientoque
526 1293 562 1356 in
575 1292 687 1377 pelago
702 1292 813 1356 infimo

345 1403 447 1489 Algae
460 1403 604 1488 germina
619 1424 777 1483 crescere3

345 1517 390 1579 Ee
403 1536 486 1600 quae
500 1523 542 1580 ex
555 1515 667 1580 fronde
682 1513 834 1581 caraune

215 1627 327 1692 Hortis
343 1627 550 1692 Oceanitibus
569 1624 575 1714 Ι
595 1632 811 1712 agnaseun'eur
824 1627 860 1691 in
874 1626 976 1693 horas.

275 1853 302 1915 9.
347 1852 396 1914 Tu
409 1851 498 1935 prius
513 1871 599 1916 mare
613 1851 760 1929 iniveras,

343 1960 449 2039 Quam
463 1962 559 2027 remis
574 1962 670 2027 homo
685 1963 849 2028 tenderet:

343 2073 437 2138 Orbis
452 2077 490 2137 tu
503 2073 593 2157 prius
608 2074 766 2138 ambitum

214 2180 324 2262 Nirea,
340 2183 438 2268 quam
451 2205 555 2250 novus
570 2185 682 2250 afforet
701 2183 706 2272 Ι
725 2185 817 2250 nobis
831 2184 978 2272 eogniius
993 2185 1095 2264 orbis3

341 2297 527 2380 Antequam
540 2296 732 2382 repetiverat

343 2391 457 2472 Ulixes
473 2405 618 2472 Ithacam
632 2428 746 2488 suam;

341 2518 405 2583 Vel
419 2519 556 2583 Graecas
571 2519 657 2603 apud
671 2518 793 2583 insulas

211 2629 324 2695 Vellus
339 2629 447 2718 arietis
463 2651 594 2695 aureum
613 2627 618 2717 Ι
637 2631 818 2714 requirebai
832 2630 937 2695 Iason.

248 2855 298 2918 10.
342 2855 405 2918 Per
418 2853 534 2918 fluctis
548 2853 660 2918 hilaris
674 2860 768 2928 vetus
904 2845 906 2850 ’

340 2965 444 3030 Fossis
459 2970 558 3029 nauta
572 2970 739 3031 nataveras

338 3076 427 3140 Tune
441 3079 486 3153 tu,
503 3075 579 3140 dum
594 3096 722 3140 nemore
736 3076 772 3140 in
786 3097 844 3141 suo

174 3198 177 3204 '
211 3185 329 3250 Lintris
342 3185 538 3270 primigenae
553 3185 624 3250 cavi
643 3171 769 3273 i'ma‘eer
782 3190 924 3271 smgeret
937 3185 1038 3250 alnus.

339 3298 373 3362 N
374 3297 493 3362 sutile!
515 3297 663 3363 historias
677 3298 774 3362 maris

211 3409 327 3474 Narres
342 3409 533 3494 ipseutinas
548 3414 629 3488 tuas,
649 3407 654 3496 Ι
674 3409 869 3474 errabundus
885 3413 918 3473 et
933 3407 1052 3472 audax!
