2768 4256
637 271 707 351 193

129 515 157 565 e.
201 499 321 590 Aretes
334 518 414 564 num
428 497 556 564 silentia
569 519 626 584 per
640 519 749 578 vacua,
765 519 849 565 anne

159 612 200 678 In
214 610 359 678 aestuosa
373 609 545 676 solitudine
559 610 658 676 altam
677 608 681 699 t
701 631 812 677 eaeeus
826 611 925 700 habes
938 611 1087 696 requiem,

242 721 418 790 Femelieos
432 722 497 808 qua
510 723 654 808 tigriduii
668 723 810 790 fremitus

286 835 390 902 Audit
404 841 531 900 eaterva
544 840 638 900 noete
653 835 912 910 commeantum?

128 964 159 1013 n.
203 948 334 1014 Frustra
348 948 404 1014 sed
418 949 486 1033 ejus
501 947 640 1014 finierim
655 948 771 1014 solium

245 1061 354 1136 Mete,
371 1060 407 1125 in
420 1061 543 1126 omneis
558 1060 615 1146 qui
628 1065 761 1147 vegetus
774 1059 871 1146 spatii

371 1173 499 1241 tractre
513 1175 716 1258 perpenetrat
729 1172 850 1240 remoti.

609 1444 719 1530 [82]

158 1643 186 1738 1.
212 1657 242 1708 a
285 1643 357 1708 Pna
370 1663 450 1728 spes,
466 1642 506 1708 ab
520 1641 586 1708 imo
599 1647 727 1727 pectore
742 1661 824 1728 quae
838 1637 967 1721 saliunt,

328 1754 560 1841 praesagientes
575 1754 749 1820 erastinum
762 1755 917 1840 periclum
928 1779 936 1837 ;

157 1863 167 1880 '
286 1867 392 1934 Solem
406 1889 463 1953 per
477 1867 579 1946 illum,
594 1867 647 1934 eui
662 1868 793 1935 comites
807 1869 938 1936 venient

325 1981 394 2066 jam
407 1979 516 2045 vinela
529 1980 707 2059 libertusve,
722 1981 791 2046 uita
804 2002 948 2048 meisve:

214 2108 242 2157 e.
286 2093 319 2158 N
320 2113 357 2158 ae
371 2099 408 2156 tu
422 2098 590 2170 memento,
605 2093 687 2158 liber
700 2093 796 2158 home
811 2093 875 2160 nisi
888 2094 987 2174 vivat,

326 2204 395 2269 vita
409 2203 457 2268 nil
470 2203 547 2269 huie
561 2203 706 2269 attulerit
720 2205 845 2290 volupe.

285 2316 384 2384 Velut
398 2318 458 2383 sub
472 2316 560 2382 unde
573 2317 741 2401 Vesperus,
754 2319 888 2384 oeeubat
900 2318 1000 2399 heres,

327 2453 395 2498 rore
410 2451 596 2517 conspersam
610 2432 723 2516 populi
736 2431 946 2499 mansarum.

209 2564 236 2612 c.
280 2546 398 2612 Beatus
412 2545 448 2624 is,
464 2546 517 2611 eui
531 2545 623 2630 signa
635 2543 727 2610 eeulo
741 2565 759 2610 e
773 2549 881 2610 tenero

327 2657 415 2723 dorni
429 2661 595 2723 eoruseant
609 2655 728 2736 duleis,-
739 2657 817 2722 dum
830 2665 979 2744 properat
999 2707 1002 2718 .

283 2771 375 2836 AEtas
389 2770 486 2836 inerti
498 2790 618 2857 prona:
640 2769 696 2835 sed
709 2769 766 2835 ille
779 2769 899 2856 vigens,

330 2882 481 2950 victoriae
495 2881 552 2967 qui
566 2882 685 2947 cerruit
697 2881 734 2946 in
747 2881 865 2968 gremio
877 2906 931 2965 3<-

370 2996 398 3060 0
414 2993 511 3080 quam
524 2992 692 3080 magnifiee
706 2994 858 3080 qrrieseit!

155 3109 184 3174 2.
209 3123 239 3174 Α.
283 3107 386 3192 Super
399 3106 510 3173 favilia
524 3107 691 3174 deficiente
704 3106 792 3193 vigil,

325 3239 412 3285 nune
425 3218 527 3305 pallet
538 3218 625 3286 hosti
638 3217 749 3286 vultus
763 3219 943 3300 excubanti,

284 3332 453 3400 Certamen
466 3329 550 3396 illud
564 3331 641 3397 dnm
655 3315 810 3411 meminit,
823 3332 963 3400 tenebris
1010 3323 1014 3336 '

325 3445 412 3532 quod
422 3446 492 3532 jam
505 3465 579 3511 suns
593 3443 772 3511 eenfuderit
784 3443 912 3513 nitores.

213 3573 241 3624 e.
286 3557 391 3638 Quam
404 3562 476 3624 tum
489 3561 636 3624 catenam
649 3557 803 3644 rupimus,
817 3554 901 3623 hene
914 3555 1030 3624 iterum

327 3691 368 3738 ne
382 3675 511 3739 nectat!
553 3671 624 3736 Ent
645 3691 744 3738 cornu
757 3675 852 3738 vocat
865 3689 936 3738 aare
949 3669 1042 3738 viros.
1163 3731 1166 3738 .

652 3795 675 3848 N
