2730 4256
621 289 670 368 67

265 521 374 586 Ploret
388 541 462 586 oum
476 519 580 585 nitido
593 519 717 605 virgine
731 521 782 585 vir
796 520 860 600 diu,

309 631 382 710 Qut
394 631 446 696 vir
459 636 608 696 strenuus
622 631 764 696 occubat.

179 744 218 808 2.
266 743 356 807 Atris
369 763 428 808 nos
443 741 582 807 tentibus
596 741 763 826 excipiunt
777 741 867 808 dies:

265 855 384 921 Stellae
396 855 455 919 lux
470 854 527 919 odii
539 859 613 939 post
628 853 725 918 uliam
738 854 830 938 penit,

249 967 308 1050 'Et
318 967 387 1051 jam
400 971 523 1043 ennete„
538 965 655 1050 quibus
670 966 775 1050 putria
789 965 934 1031 lucidum

307 1077 419 1157 Fulsit,
434 1076 566 1142 nomino
580 1077 733 1142 defluunt.

266 1189 301 1254 Si
315 1189 372 1274 qui
386 1188 503 1254 amisse
517 1188 627 1253 dolent
640 1189 765 1274 gaudie,
780 1188 834 1254 vel
847 1209 921 1255 suae

240 1280 241 1286 ἵ
264 1280 344 1385 Spei
359 1319 525 1385 nunquam
539 1298 677 1377 redimes,
692 1299 817 1364 luridus
831 1300 890 1366 hos
904 1300 1021 1386 premit

229 1414 232 1418 ’
265 1413 397 1497 AEgror:
427 1413 483 1478 sed
496 1411 636 1476 ldoiimis
651 1411 801 1496 splendor
815 1411 901 1478 inest
914 1418 1026 1498 tepens

307 1524 423 1589 Hero'is
438 1523 551 1588 feretro
566 1541 669 1606 super.
717 1559 720 1565 ·

182 1645 185 1657 “
212 1688 219 1702 .
266 1635 337 1702 Ah!
351 1636 512 1704 exstincte
525 1634 645 1700 eadunt
658 1633 783 1700 lumina
796 1640 924 1717 nostre3
939 1637 1004 1715 Tu

265 1751 403 1814 Centum
417 1749 475 1833 qui
489 1749 619 1813 subenes
633 1747 775 1832 proelin3
791 1747 903 1832 Tuque
916 1749 1003 1826 item,

266 1863 328 1927 Cui
340 1837 452 1948 lingu'd
465 1882 507 1928 ex
522 1860 625 1926 cnido
638 1882 704 1946 pax
718 1863 811 1940 bone,
825 1861 953 1938 veritas,
1059 1923 1061 1932 ,
1096 1889 1098 1896 ’

308 1973 514 2057 libertasque
529 1973 731 2058 pependerat.
841 2043 845 2050 ,

266 2083 465 2149 obmutescit
479 2090 614 2170 uterque
628 2111 635 2150 :
651 2092 702 2152 nst
716 2087 860 2154 animosa
872 2084 923 2150 vis

263 2193 352 2258 Dum
367 2195 471 2275 oleret,
486 2196 677 2282 bonitasque
691 2202 882 2264 amovent
895 2215 1034 2281 gemens,

213 2309 224 2326 “
264 2305 356 2371 Ieme
370 2328 556 2390 memorans,
571 2311 668 2394 qudm
683 2312 831 2377 steterint
844 2309 937 2396 probi

305 2418 383 2483 vin
397 2419 434 2486 no'
447 2428 557 2502 moute,
573 2423 741 2508 superbiet.

588 2684 699 2768 [25]

213 2925 220 2939 .
264 2874 338 2954 Dm,
353 2897 479 2960 quaeso,
494 2878 627 2944 fidicen!
642 2901 699 2945 our
713 2880 774 2944 tibi
789 2879 902 2946 defluit

263 2986 384 3052 Cantus
398 2987 531 3056 tristitie
544 2992 740 3078 suevititque
754 2997 846 3058 dtrox

263 3097 435 3164 Glenodvis
448 3102 577 3185 penitus
592 3125 649 3188 per
662 3105 732 3170 loon
744 3111 845 3198 uasta,
859 3105 925 3171 ubi-

304 3208 408 3274 Nemo
421 3215 577 3300 pereipiat
590 3216 690 3282 melos
703 3221 715 3281 t

261 3320 351 3402 Num
364 3321 473 3404 pulsus
487 3325 614 3392 nebulis
628 3327 721 3393 deuiis
735 3329 815 3394 fides
828 3331 840 3394 t

261 3433 316 3498 An
329 3435 428 3500 russis
441 3437 551 3522 tepide
564 3442 840 3524 praetereuntibus

264 3547 374 3614 Cernis
386 3551 399 3613 t
414 3569 496 3615 anne
511 3550 645 3635 aquilae,
660 3573 742 3636 quoe
756 3552 868 3637 procul
882 3572 991 3637 aspere

305 3659 488 3745 Respondet
501 3663 642 3730 numeris
656 3663 722 3732 tuis
732 3667 789 3729 t-
