<?xml version="1.0" encoding="UTF-8"?>
<!DOCTYPE html PUBLIC "-//W3C//DTD XHTML 1.0 Transitional//EN"
    "http://www.w3.org/TR/xhtml1/DTD/xhtml1-transitional.dtd">
<html xmlns="http://www.w3.org/1999/xhtml" xml:lang="en" lang="en">
 <head>
  <title>
</title>
<meta http-equiv="Content-Type" content="text/html;charset=utf-8" />
  <meta name='ocr-system' content='tesseract 3.04.00' />
  <meta name='ocr-capabilities' content='ocr_page ocr_carea ocr_par ocr_line ocrx_word'/>
</head>
<body>
  <div class='ocr_page' id='page_1' title='image "./translationseng00newmgoog_0136.png"; bbox 0 0 2730 4256; ppageno 0'>
   <div class='ocr_carea' id='block_1_1' title="bbox 601 299 669 366">
    <p class='ocr_par' dir='ltr' id='par_1_1' title="bbox 601 299 669 366">
     <span class='ocr_line' id='line_1_1' title="bbox 601 299 669 366; baseline 0 0"><span class='ocrx_word' id='word_1_1' title='bbox 601 299 669 366; x_wconf 88' lang='lat'>115</span> 
     </span>
    </p>
   </div>
   <div class='ocr_carea' id='block_1_2' title="bbox 142 501 1065 1148">
    <p class='ocr_par' dir='ltr' id='par_1_2' title="bbox 142 501 1065 1148">
     <span class='ocr_line' id='line_1_2' title="bbox 215 501 1048 592; baseline 0 -24"><span class='ocrx_word' id='word_1_2' title='bbox 215 503 317 586; x_wconf 87' lang='lat' dir='ltr'>Supra</span> <span class='ocrx_word' id='word_1_3' title='bbox 330 523 406 566; x_wconf 85' lang='lat' dir='ltr'>mox</span> <span class='ocrx_word' id='word_1_4' title='bbox 419 501 558 580; x_wconf 75' lang='lat' dir='ltr'>reduces,</span> <span class='ocrx_word' id='word_1_5' title='bbox 573 503 661 588; x_wconf 83' lang='lat' dir='ltr'>gregi</span> <span class='ocrx_word' id='word_1_6' title='bbox 678 508 684 592; x_wconf 93' lang='grc' dir='ltr'>Ι</span> <span class='ocrx_word' id='word_1_7' title='bbox 701 505 871 570; x_wconf 85' lang='lat' dir='ltr'>cantillant</span> <span class='ocrx_word' id='word_1_8' title='bbox 885 505 1048 584; x_wconf 87' lang='lat' dir='ltr'>sociarum,</span> 
     </span>
     <span class='ocr_line' id='line_1_3' title="bbox 251 613 879 699; baseline 0.005 -21"><span class='ocrx_word' id='word_1_9' title='bbox 251 615 294 678; x_wconf 81' lang='lat' dir='ltr'>Et</span> <span class='ocrx_word' id='word_1_10' title='bbox 309 613 389 679; x_wconf 85' lang='lat' dir='ltr'>caeli</span> <span class='ocrx_word' id='word_1_11' title='bbox 403 613 554 699; x_wconf 82' lang='lat' dir='ltr'>profugae</span> <span class='ocrx_word' id='word_1_12' title='bbox 568 613 687 679; x_wconf 86' lang='lat' dir='ltr'>vellera</span> <span class='ocrx_word' id='word_1_13' title='bbox 701 615 879 681; x_wconf 70' lang='lat' dir='ltr'><strong>subvolant.</strong></span> 
     </span>
     <span class='ocr_line' id='line_1_4' title="bbox 142 724 1065 811; baseline 0.001 -22"><span class='ocrx_word' id='word_1_14' title='bbox 142 727 169 789; x_wconf 83' lang='lat'>5.</span> <span class='ocrx_word' id='word_1_15' title='bbox 208 727 303 790; x_wconf 92' lang='lat' dir='ltr'>Motu</span> <span class='ocrx_word' id='word_1_16' title='bbox 316 725 444 810; x_wconf 86' lang='lat' dir='ltr'>pulcra!</span> <span class='ocrx_word' id='word_1_17' title='bbox 467 730 535 790; x_wconf 76' lang='lat' dir='ltr'>avis</span> <span class='ocrx_word' id='word_1_18' title='bbox 551 724 579 789; x_wconf 95' lang='grc' dir='ltr'>Ο</span> <span class='ocrx_word' id='word_1_19' title='bbox 594 725 708 790; x_wconf 81' lang='lat' dir='ltr'>marist</span> <span class='ocrx_word' id='word_1_20' title='bbox 725 729 731 811; x_wconf 87' lang='grc' dir='ltr'>Ι</span> <span class='ocrx_word' id='word_1_21' title='bbox 749 726 777 791; x_wconf 86' lang='lat' dir='ltr'>si</span> <span class='ocrx_word' id='word_1_22' title='bbox 790 727 905 811; x_wconf 86' lang='lat' dir='ltr'>pennis</span> <span class='ocrx_word' id='word_1_23' title='bbox 921 727 1065 792; x_wconf 89' lang='lat' dir='ltr'>amicirer</span> 
     </span>
     <span class='ocr_line' id='line_1_5' title="bbox 252 836 879 921; baseline 0.003 -20"><span class='ocrx_word' id='word_1_24' title='bbox 252 837 353 901; x_wconf 82' lang='lat' dir='ltr'>Clanis</span> <span class='ocrx_word' id='word_1_25' title='bbox 368 836 507 921; x_wconf 88' lang='lat' dir='ltr'>ingenii;</span> <span class='ocrx_word' id='word_1_26' title='bbox 529 841 608 914; x_wconf 89' lang='lat' dir='ltr'>tum,</span> <span class='ocrx_word' id='word_1_27' title='bbox 620 836 717 920; x_wconf 84' lang='lat' dir='ltr'>jubar</span> <span class='ocrx_word' id='word_1_28' title='bbox 730 837 879 917; x_wconf 73' lang='lat' dir='ltr'>insidens</span> 
     </span>
     <span class='ocr_line' id='line_1_6' title="bbox 213 948 960 1036; baseline 0 -22"><span class='ocrx_word' id='word_1_29' title='bbox 213 952 256 1016; x_wconf 85' lang='lat' dir='ltr'>Te</span> <span class='ocrx_word' id='word_1_30' title='bbox 269 950 403 1015; x_wconf 83' lang='lat' dir='ltr'>ferocior</span> <span class='ocrx_word' id='word_1_31' title='bbox 413 949 576 1034; x_wconf 79' lang='lat' dir='ltr'>altiorque,</span> <span class='ocrx_word' id='word_1_32' title='bbox 594 948 599 1030; x_wconf 96' lang='grc' dir='ltr'>Ι</span> <span class='ocrx_word' id='word_1_33' title='bbox 618 949 781 1034; x_wconf 86' lang='lat' dir='ltr'>explorare</span> <span class='ocrx_word' id='word_1_34' title='bbox 795 951 960 1036; x_wconf 84' lang='lat' dir='ltr'>flagrarem</span> 
     </span>
     <span class='ocr_line' id='line_1_7' title="bbox 148 1061 994 1148; baseline 0.001 -23"><span class='ocrx_word' id='word_1_35' title='bbox 148 1070 151 1075; x_wconf 83' lang='lat'>&#39;</span> <span class='ocrx_word' id='word_1_36' title='bbox 251 1062 439 1126; x_wconf 88' lang='lat' dir='ltr'>Pulcrarum</span> <span class='ocrx_word' id='word_1_37' title='bbox 452 1061 590 1146; x_wconf 65' lang='lat' dir='ltr'>patriam</span> <span class='ocrx_word' id='word_1_38' title='bbox 605 1066 638 1127; x_wconf 89' lang='lat' dir='ltr'>et</span> <span class='ocrx_word' id='word_1_39' title='bbox 653 1061 796 1126; x_wconf 84' lang='lat' dir='ltr'>dulcium</span> <span class='ocrx_word' id='word_1_40' title='bbox 810 1063 994 1148; x_wconf 84' lang='lat' dir='ltr'>imaginum.</span> 
     </span>
    </p>
   </div>
   <div class='ocr_carea' id='block_1_3' title="bbox 575 1324 689 1407">
    <p class='ocr_par' dir='ltr' id='par_1_3' title="bbox 575 1324 689 1407">
     <span class='ocr_line' id='line_1_8' title="bbox 575 1324 689 1407; baseline -0.009 0"><span class='ocrx_word' id='word_1_41' title='bbox 575 1324 689 1407; x_wconf 85' lang='lat'>[49]</span> 
     </span>
    </p>
   </div>
   <div class='ocr_carea' id='block_1_4' title="bbox 95 1496 1140 3275">
    <p class='ocr_par' dir='ltr' id='par_1_4' title="bbox 95 1496 1140 3275">
     <span class='ocr_line' id='line_1_9' title="bbox 102 1496 1089 1606; baseline 0.004 -24"><span class='ocrx_word' id='word_1_42' title='bbox 102 1523 127 1584; x_wconf 89' lang='lat'>1.</span> <span class='ocrx_word' id='word_1_43' title='bbox 168 1521 199 1584; x_wconf 89' lang='lat' dir='ltr'>N</span> <span class='ocrx_word' id='word_1_44' title='bbox 200 1537 242 1585; x_wconf 77' lang='lat' dir='ltr'>ou</span> <span class='ocrx_word' id='word_1_45' title='bbox 257 1526 296 1584; x_wconf 92' lang='lat' dir='ltr'>tu</span> <span class='ocrx_word' id='word_1_46' title='bbox 308 1519 419 1584; x_wconf 85' lang='lat' dir='ltr'>littora</span> <span class='ocrx_word' id='word_1_47' title='bbox 431 1540 489 1604; x_wconf 90' lang='lat' dir='ltr'>per</span> <span class='ocrx_word' id='word_1_48' title='bbox 502 1520 599 1585; x_wconf 86' lang='lat' dir='ltr'>maris</span> <span class='ocrx_word' id='word_1_49' title='bbox 616 1518 622 1602; x_wconf 90' lang='grc' dir='ltr'>Ι</span> <span class='ocrx_word' id='word_1_50' title='bbox 640 1541 699 1586; x_wconf 87' lang='lat' dir='ltr'>neo</span> <span class='ocrx_word' id='word_1_51' title='bbox 712 1541 771 1604; x_wconf 89' lang='lat' dir='ltr'>per</span> <span class='ocrx_word' id='word_1_52' title='bbox 783 1526 883 1606; x_wconf 78' lang='lat' dir='ltr'>prata</span> <span class='ocrx_word' id='word_1_53' title='bbox 897 1520 952 1585; x_wconf 81' lang='lat' dir='ltr'>vel</span> <span class='ocrx_word' id='word_1_54' title='bbox 966 1496 1089 1604; x_wconf 78' lang='lat' dir='ltr'>amplos</span> 
     </span>
     <span class='ocr_line' id='line_1_10' title="bbox 250 1631 838 1715; baseline 0 -19"><span class='ocrx_word' id='word_1_55' title='bbox 250 1632 387 1715; x_wconf 83' lang='lat' dir='ltr'>Campos</span> <span class='ocrx_word' id='word_1_56' title='bbox 402 1631 537 1696; x_wconf 82' lang='lat' dir='ltr'>aureolis</span> <span class='ocrx_word' id='word_1_57' title='bbox 552 1631 696 1697; x_wconf 78' lang='lat' dir='ltr'>sentibus</span> <span class='ocrx_word' id='word_1_58' title='bbox 711 1631 838 1710; x_wconf 84' lang='lat' dir='ltr'>obsitos,</span> 
     </span>
     <span class='ocr_line' id='line_1_11' title="bbox 165 1740 1140 1829; baseline 0 -23"><span class='ocrx_word' id='word_1_59' title='bbox 165 1743 204 1806; x_wconf 93' lang='lat' dir='ltr'>In</span> <span class='ocrx_word' id='word_1_60' title='bbox 219 1743 309 1827; x_wconf 89' lang='lat' dir='ltr'>queis</span> <span class='ocrx_word' id='word_1_61' title='bbox 322 1743 458 1808; x_wconf 84' lang='lat' dir='ltr'>bombus</span> <span class='ocrx_word' id='word_1_62' title='bbox 473 1764 571 1828; x_wconf 90' lang='lat' dir='ltr'>apum</span> <span class='ocrx_word' id='word_1_63' title='bbox 586 1748 685 1821; x_wconf 86' lang='lat' dir='ltr'>sonat,</span> <span class='ocrx_word' id='word_1_64' title='bbox 704 1745 710 1829; x_wconf 99' lang='grc' dir='ltr'>Ι</span> <span class='ocrx_word' id='word_1_65' title='bbox 726 1743 888 1828; x_wconf 88' lang='lat' dir='ltr'>garritque</span> <span class='ocrx_word' id='word_1_66' title='bbox 902 1748 1039 1828; x_wconf 86' lang='lat' dir='ltr'>attagen,</span> <span class='ocrx_word' id='word_1_67' title='bbox 1054 1740 1140 1806; x_wconf 75' lang='lat' dir='ltr'>almis</span> 
     </span>
     <span class='ocr_line' id='line_1_12' title="bbox 249 1853 804 1935; baseline 0.002 -16"><span class='ocrx_word' id='word_1_68' title='bbox 249 1855 381 1920; x_wconf 84' lang='lat' dir='ltr'>Securos</span> <span class='ocrx_word' id='word_1_69' title='bbox 396 1855 518 1919; x_wconf 84' lang='lat' dir='ltr'>animos</span> <span class='ocrx_word' id='word_1_70' title='bbox 533 1853 657 1919; x_wconf 68' lang='lat' dir='ltr'>laetitia</span> <span class='ocrx_word' id='word_1_71' title='bbox 671 1856 782 1920; x_wconf 84' lang='lat' dir='ltr'>fovens</span> <span class='ocrx_word' id='word_1_72' title='bbox 794 1878 804 1935; x_wconf 90' lang='lat'>;</span> 
     </span>
     <span class='ocr_line' id='line_1_13' title="bbox 164 1965 1027 2052; baseline 0 -22"><span class='ocrx_word' id='word_1_73' title='bbox 164 1968 230 2032; x_wconf 88' lang='lat' dir='ltr'>Nec</span> <span class='ocrx_word' id='word_1_74' title='bbox 244 1967 310 2052; x_wconf 72' lang='lat' dir='ltr'>qua</span> <span class='ocrx_word' id='word_1_75' title='bbox 323 1973 508 2032; x_wconf 88' lang='lat' dir='ltr'>castaneum</span> <span class='ocrx_word' id='word_1_76' title='bbox 522 1988 635 2032; x_wconf 84' lang='lat' dir='ltr'>nemus</span> <span class='ocrx_word' id='word_1_77' title='bbox 653 1966 659 2048; x_wconf 88' lang='grc' dir='ltr'>Ι</span> <span class='ocrx_word' id='word_1_78' title='bbox 676 1965 745 2032; x_wconf 88' lang='lat' dir='ltr'>sive</span> <span class='ocrx_word' id='word_1_79' title='bbox 759 1967 905 2030; x_wconf 84' lang='lat' dir='ltr'>curantia</span> <span class='ocrx_word' id='word_1_80' title='bbox 919 1965 1027 2031; x_wconf 87' lang='lat' dir='ltr'>fundit</span> 
     </span>
     <span class='ocr_line' id='line_1_14' title="bbox 248 2079 836 2157; baseline 0.003 -14"><span class='ocrx_word' id='word_1_81' title='bbox 248 2081 310 2144; x_wconf 90' lang='lat' dir='ltr'>Per</span> <span class='ocrx_word' id='word_1_82' title='bbox 323 2079 413 2144; x_wconf 87' lang='lat' dir='ltr'>dium</span> <span class='ocrx_word' id='word_1_83' title='bbox 427 2083 552 2146; x_wconf 83' lang='lat' dir='ltr'>teneros</span> <span class='ocrx_word' id='word_1_84' title='bbox 566 2079 720 2144; x_wconf 80' lang='lat' dir='ltr'>lruciniaa</span> <span class='ocrx_word' id='word_1_85' title='bbox 733 2100 836 2157; x_wconf 86' lang='lat' dir='ltr'>sonos,</span> 
     </span>
     <span class='ocr_line' id='line_1_15' title="bbox 164 2189 1131 2290; baseline 0 -36"><span class='ocrx_word' id='word_1_86' title='bbox 164 2193 230 2254; x_wconf 90' lang='lat' dir='ltr'>Aut</span> <span class='ocrx_word' id='word_1_87' title='bbox 244 2191 391 2260; x_wconf 68' lang='lat' dir='ltr'>nubecula</span> <span class='ocrx_word' id='word_1_88' title='bbox 404 2191 554 2276; x_wconf 88' lang='lat' dir='ltr'>parvulos</span> <span class='ocrx_word' id='word_1_89' title='bbox 571 2189 577 2274; x_wconf 93' lang='grc' dir='ltr'>Ι</span> <span class='ocrx_word' id='word_1_90' title='bbox 594 2191 758 2256; x_wconf 77' lang='lat' dir='ltr'>frondibus</span> <span class='ocrx_word' id='word_1_91' title='bbox 772 2192 828 2276; x_wconf 88' lang='lat' dir='ltr'>pia</span> <span class='ocrx_word' id='word_1_92' title='bbox 841 2191 942 2270; x_wconf 82' lang='lat' dir='ltr'>texit3</span> <span class='ocrx_word' id='word_1_93' title='bbox 1115 2259 1131 2290; x_wconf 64' lang='lat' dir='ltr'>a</span> 
     </span>
     <span class='ocr_line' id='line_1_16' title="bbox 246 2302 1028 2388; baseline -0.001 -21"><span class='ocrx_word' id='word_1_94' title='bbox 246 2304 315 2367; x_wconf 86' lang='lat' dir='ltr'>Neo</span> <span class='ocrx_word' id='word_1_95' title='bbox 330 2302 395 2387; x_wconf 76' lang='lat' dir='ltr'>qub</span> <span class='ocrx_word' id='word_1_96' title='bbox 408 2303 546 2368; x_wconf 88' lang='lat' dir='ltr'>hirundo</span> <span class='ocrx_word' id='word_1_97' title='bbox 561 2308 651 2369; x_wconf 89' lang='lat' dir='ltr'>tenet</span> <span class='ocrx_word' id='word_1_98' title='bbox 665 2304 725 2368; x_wconf 91' lang='lat' dir='ltr'>sub</span> <span class='ocrx_word' id='word_1_99' title='bbox 740 2303 856 2388; x_wconf 85' lang='lat' dir='ltr'>tegulis</span> <span class='ocrx_word' id='word_1_100' title='bbox 870 2302 964 2366; x_wconf 80' lang='lat' dir='ltr'>loreis</span> <span class='ocrx_word' id='word_1_101' title='bbox 977 2325 1028 2382; x_wconf 84' lang='lat'>3—</span> 
     </span>
     <span class='ocr_line' id='line_1_17' title="bbox 162 2413 1091 2502; baseline -0.001 -25"><span class='ocrx_word' id='word_1_102' title='bbox 162 2415 306 2480; x_wconf 87' lang='lat' dir='ltr'>Incurres</span> <span class='ocrx_word' id='word_1_103' title='bbox 322 2415 462 2499; x_wconf 86' lang='lat' dir='ltr'>aquilam</span> <span class='ocrx_word' id='word_1_104' title='bbox 478 2416 584 2480; x_wconf 84' lang='lat' dir='ltr'>leram.</span> <span class='ocrx_word' id='word_1_105' title='bbox 603 2418 609 2502; x_wconf 97' lang='grc' dir='ltr'>Ι</span> <span class='ocrx_word' id='word_1_106' title='bbox 627 2415 726 2493; x_wconf 89' lang='lat' dir='ltr'>Heus,</span> <span class='ocrx_word' id='word_1_107' title='bbox 741 2413 830 2493; x_wconf 88' lang='lat' dir='ltr'>heus,</span> <span class='ocrx_word' id='word_1_108' title='bbox 846 2415 952 2500; x_wconf 87' lang='lat' dir='ltr'>aspice</span> <span class='ocrx_word' id='word_1_109' title='bbox 966 2434 1091 2479; x_wconf 89' lang='lat' dir='ltr'>mecum</span> 
     </span>
     <span class='ocr_line' id='line_1_18' title="bbox 247 2525 1012 2612; baseline 0.003 -22"><span class='ocrx_word' id='word_1_110' title='bbox 247 2529 333 2605; x_wconf 78' lang='lat' dir='ltr'>Quas</span> <span class='ocrx_word' id='word_1_111' title='bbox 347 2527 480 2611; x_wconf 86' lang='lat' dir='ltr'>praedas</span> <span class='ocrx_word' id='word_1_112' title='bbox 496 2526 630 2612; x_wconf 83' lang='lat' dir='ltr'>aquilae,</span> <span class='ocrx_word' id='word_1_113' title='bbox 646 2547 725 2611; x_wconf 87' lang='lat' dir='ltr'>quas</span> <span class='ocrx_word' id='word_1_114' title='bbox 740 2526 880 2591; x_wconf 87' lang='lat' dir='ltr'>habeant</span> <span class='ocrx_word' id='word_1_115' title='bbox 894 2525 1012 2592; x_wconf 87' lang='lat' dir='ltr'>domos.</span> 
     </span>
     <span class='ocr_line' id='line_1_19' title="bbox 95 2635 992 2722; baseline 0.001 -24"><span class='ocrx_word' id='word_1_116' title='bbox 95 2637 121 2699; x_wconf 83' lang='lat'>2.</span> <span class='ocrx_word' id='word_1_117' title='bbox 162 2638 236 2703; x_wconf 89' lang='lat' dir='ltr'>Huc</span> <span class='ocrx_word' id='word_1_118' title='bbox 250 2637 391 2715; x_wconf 86' lang='lat' dir='ltr'>abscede,</span> <span class='ocrx_word' id='word_1_119' title='bbox 406 2639 462 2703; x_wconf 88' lang='lat' dir='ltr'>ubl</span> <span class='ocrx_word' id='word_1_120' title='bbox 475 2638 515 2703; x_wconf 88' lang='lat' dir='ltr'>de</span> <span class='ocrx_word' id='word_1_121' title='bbox 528 2658 615 2703; x_wconf 89' lang='lat' dir='ltr'>mero</span> <span class='ocrx_word' id='word_1_122' title='bbox 632 2635 639 2719; x_wconf 93' lang='grc' dir='ltr'>Ι</span> <span class='ocrx_word' id='word_1_123' title='bbox 655 2637 815 2702; x_wconf 90' lang='lat' dir='ltr'>montium</span> <span class='ocrx_word' id='word_1_124' title='bbox 828 2637 992 2722; x_wconf 77' lang='lat' dir='ltr'>praeacuti</span> 
     </span>
     <span class='ocr_line' id='line_1_20' title="bbox 244 2749 908 2835; baseline -0.002 -21"><span class='ocrx_word' id='word_1_125' title='bbox 244 2750 432 2834; x_wconf 88' lang='lat' dir='ltr'>Diffissique</span> <span class='ocrx_word' id='word_1_126' title='bbox 447 2750 552 2835; x_wconf 87' lang='lat' dir='ltr'>apices</span> <span class='ocrx_word' id='word_1_127' title='bbox 567 2749 694 2815; x_wconf 78' lang='lat' dir='ltr'>cethem</span> <span class='ocrx_word' id='word_1_128' title='bbox 707 2750 887 2835; x_wconf 86' lang='lat' dir='ltr'>promicant</span> <span class='ocrx_word' id='word_1_129' title='bbox 900 2773 908 2830; x_wconf 93' lang='grc'><strong>;</strong></span> 
     </span>
     <span class='ocr_line' id='line_1_21' title="bbox 162 2860 887 2944; baseline -0.003 -16"><span class='ocrx_word' id='word_1_130' title='bbox 162 2860 231 2940; x_wconf 73' lang='lat' dir='ltr'>Qua</span> <span class='ocrx_word' id='word_1_131' title='bbox 245 2862 406 2926; x_wconf 83' lang='lat' dir='ltr'>confracta</span> <span class='ocrx_word' id='word_1_132' title='bbox 420 2861 507 2927; x_wconf 90' lang='lat' dir='ltr'>dolet</span> <span class='ocrx_word' id='word_1_133' title='bbox 520 2861 586 2927; x_wconf 87' lang='lat' dir='ltr'>situ</span> <span class='ocrx_word' id='word_1_134' title='bbox 603 2860 609 2944; x_wconf 95' lang='grc' dir='ltr'>Ι</span> <span class='ocrx_word' id='word_1_135' title='bbox 626 2861 770 2927; x_wconf 75' lang='lat' dir='ltr'>solitaria</span> <span class='ocrx_word' id='word_1_136' title='bbox 782 2861 887 2939; x_wconf 86' lang='lat' dir='ltr'>turris,</span> 
     </span>
     <span class='ocr_line' id='line_1_22' title="bbox 244 2973 868 3058; baseline 0.003 -22"><span class='ocrx_word' id='word_1_137' title='bbox 244 2974 411 3057; x_wconf 84' lang='lat' dir='ltr'>Tanquam</span> <span class='ocrx_word' id='word_1_138' title='bbox 424 2973 595 3058; x_wconf 86' lang='lat' dir='ltr'>praeterito</span> <span class='ocrx_word' id='word_1_139' title='bbox 610 2973 740 3038; x_wconf 90' lang='lat' dir='ltr'>condita</span> <span class='ocrx_word' id='word_1_140' title='bbox 753 2973 868 3040; x_wconf 86' lang='lat' dir='ltr'>seculo.</span> 
     </span>
     <span class='ocr_line' id='line_1_23' title="bbox 160 3082 1028 3169; baseline 0 -21"><span class='ocrx_word' id='word_1_141' title='bbox 160 3083 239 3163; x_wconf 90' lang='lat' dir='ltr'>Illic,</span> <span class='ocrx_word' id='word_1_142' title='bbox 255 3089 324 3149; x_wconf 88' lang='lat' dir='ltr'>ater</span> <span class='ocrx_word' id='word_1_143' title='bbox 336 3089 375 3148; x_wconf 93' lang='lat' dir='ltr'>ut</span> <span class='ocrx_word' id='word_1_144' title='bbox 390 3090 458 3150; x_wconf 85' lang='lat' dir='ltr'>atra</span> <span class='ocrx_word' id='word_1_145' title='bbox 471 3085 505 3148; x_wconf 88' lang='lat' dir='ltr'>N</span> <span class='ocrx_word' id='word_1_146' title='bbox 506 3106 554 3163; x_wconf 81' lang='lat' dir='ltr'>or,</span> <span class='ocrx_word' id='word_1_147' title='bbox 574 3082 579 3169; x_wconf 94' lang='grc' dir='ltr'>Ι</span> <span class='ocrx_word' id='word_1_148' title='bbox 597 3105 721 3150; x_wconf 88' lang='lat' dir='ltr'>summo</span> <span class='ocrx_word' id='word_1_149' title='bbox 735 3083 772 3148; x_wconf 91' lang='lat' dir='ltr'>in</span> <span class='ocrx_word' id='word_1_150' title='bbox 786 3084 903 3149; x_wconf 87' lang='lat' dir='ltr'>vertice</span> <span class='ocrx_word' id='word_1_151' title='bbox 919 3083 1028 3162; x_wconf 84' lang='lat' dir='ltr'>celsus,</span> 
     </span>
     <span class='ocr_line' id='line_1_24' title="bbox 244 3194 874 3275; baseline 0.003 -17"><span class='ocrx_word' id='word_1_152' title='bbox 244 3194 345 3268; x_wconf 72' lang='lat' dir='ltr'>Plena</span> <span class='ocrx_word' id='word_1_153' title='bbox 359 3195 431 3261; x_wconf 89' lang='lat' dir='ltr'>luce</span> <span class='ocrx_word' id='word_1_154' title='bbox 445 3197 562 3275; x_wconf 88' lang='lat' dir='ltr'>fruens,</span> <span class='ocrx_word' id='word_1_155' title='bbox 576 3217 634 3260; x_wconf 85' lang='lat' dir='ltr'>rex</span> <span class='ocrx_word' id='word_1_156' title='bbox 648 3196 737 3262; x_wconf 88' lang='lat' dir='ltr'>sedet</span> <span class='ocrx_word' id='word_1_157' title='bbox 752 3195 874 3274; x_wconf 88' lang='lat' dir='ltr'>alitum,</span> 
     </span>
    </p>
   </div>
   <div class='ocr_carea' id='block_1_5' title="bbox 134 3305 1146 3730">
    <p class='ocr_par' dir='ltr' id='par_1_5' title="bbox 134 3305 1146 3730">
     <span class='ocr_line' id='line_1_25' title="bbox 134 3305 1146 3393; baseline -0.001 -21"><span class='ocrx_word' id='word_1_158' title='bbox 134 3385 136 3390; x_wconf 23' lang='grc' dir='ltr'>Ι</span> <span class='ocrx_word' id='word_1_159' title='bbox 160 3309 228 3372; x_wconf 83' lang='lat' dir='ltr'>Rex</span> <span class='ocrx_word' id='word_1_160' title='bbox 241 3306 357 3387; x_wconf 81' lang='lat' dir='ltr'>horum</span> <span class='ocrx_word' id='word_1_161' title='bbox 371 3305 499 3393; x_wconf 65' lang='lat' dir='ltr'>quilque</span> <span class='ocrx_word' id='word_1_162' title='bbox 512 3307 672 3372; x_wconf 86' lang='lat' dir='ltr'>montium</span> <span class='ocrx_word' id='word_1_163' title='bbox 686 3331 693 3372; x_wconf 90' lang='lat'>:</span> <span class='ocrx_word' id='word_1_164' title='bbox 711 3307 717 3392; x_wconf 95' lang='grc' dir='ltr'>Ι</span> <span class='ocrx_word' id='word_1_165' title='bbox 734 3327 811 3372; x_wconf 84' lang='lat' dir='ltr'>nam</span> <span class='ocrx_word' id='word_1_166' title='bbox 824 3327 899 3372; x_wconf 88' lang='lat' dir='ltr'>cum</span> <span class='ocrx_word' id='word_1_167' title='bbox 913 3307 1045 3392; x_wconf 87' lang='lat' dir='ltr'>conjuge</span> <span class='ocrx_word' id='word_1_168' title='bbox 1060 3306 1146 3371; x_wconf 86' lang='lat' dir='ltr'>solus</span> 
     </span>
     <span class='ocr_line' id='line_1_26' title="bbox 245 3417 819 3505; baseline -0.002 -21"><span class='ocrx_word' id='word_1_169' title='bbox 245 3417 322 3484; x_wconf 75' lang='lat' dir='ltr'>Sola</span> <span class='ocrx_word' id='word_1_170' title='bbox 335 3419 437 3505; x_wconf 87' lang='lat' dir='ltr'>pollet</span> <span class='ocrx_word' id='word_1_171' title='bbox 449 3419 504 3499; x_wconf 81' lang='lat' dir='ltr'>ibi,</span> <span class='ocrx_word' id='word_1_172' title='bbox 519 3419 675 3505; x_wconf 85' lang='lat' dir='ltr'>comparis</span> <span class='ocrx_word' id='word_1_173' title='bbox 689 3418 819 3484; x_wconf 83' lang='lat' dir='ltr'>inscius.</span> 
     </span>
     <span class='ocr_line' id='line_1_27' title="bbox 160 3529 988 3618; baseline -0.001 -23"><span class='ocrx_word' id='word_1_174' title='bbox 160 3532 215 3610; x_wconf 86' lang='lat' dir='ltr'>En,</span> <span class='ocrx_word' id='word_1_175' title='bbox 232 3531 336 3616; x_wconf 80' lang='lat' dir='ltr'>qualis</span> <span class='ocrx_word' id='word_1_176' title='bbox 351 3532 448 3611; x_wconf 86' lang='lat' dir='ltr'>sedet,</span> <span class='ocrx_word' id='word_1_177' title='bbox 463 3530 578 3596; x_wconf 74' lang='lat' dir='ltr'>intimi</span> <span class='ocrx_word' id='word_1_178' title='bbox 595 3534 601 3618; x_wconf 96' lang='grc' dir='ltr'>Ι</span> <span class='ocrx_word' id='word_1_179' title='bbox 618 3531 745 3596; x_wconf 84' lang='lat' dir='ltr'>nictans</span> <span class='ocrx_word' id='word_1_180' title='bbox 758 3529 837 3608; x_wconf 86' lang='lat' dir='ltr'>luce,</span> <span class='ocrx_word' id='word_1_181' title='bbox 853 3529 988 3614; x_wconf 88' lang='lat' dir='ltr'>superbo</span> 
     </span>
     <span class='ocr_line' id='line_1_28' title="bbox 243 3640 885 3730; baseline -0.009 -20"><span class='ocrx_word' id='word_1_182' title='bbox 243 3644 374 3728; x_wconf 85' lang='lat' dir='ltr'>Rejecto</span> <span class='ocrx_word' id='word_1_183' title='bbox 390 3643 501 3730; x_wconf 83' lang='lat' dir='ltr'>capite,</span> <span class='ocrx_word' id='word_1_184' title='bbox 517 3647 614 3730; x_wconf 86' lang='lat' dir='ltr'>atque</span> <span class='ocrx_word' id='word_1_185' title='bbox 629 3643 728 3709; x_wconf 79' lang='lat' dir='ltr'>ardua</span> <span class='ocrx_word' id='word_1_186' title='bbox 742 3640 885 3727; x_wconf 83' lang='lat' dir='ltr'>suspicit.</span> 
     </span>
    </p>
   </div>
   <div class='ocr_carea' id='block_1_6' title="bbox 0 0 1370 4256">
    <p class='ocr_par' dir='ltr' id='par_1_6' title="bbox 0 0 1370 4256">
     <span class='ocr_line' id='line_1_29' title="bbox 0 0 1370 4256; baseline 0 3"><span class='ocrx_word' id='word_1_187' title='bbox 0 0 1370 4256; x_wconf 95' lang='lat' dir='ltr'> </span> 
     </span>
    </p>
   </div>
  </div>
 </body>
</html>
