2768 4256
615 257 684 326 1³9

265 485 314 552 Tu
327 483 401 550 vela
413 483 536 572 pandos
550 508 564 580 ².
579 483 684 552 sioubi
697 483 843 570 gentium

306 594 435 661 Insanit
448 599 678 680 auraspurnat
692 595 787 674 unda

251 723 255 730 ·
348 705 426 774 Flos
437 705 667 792 tenetAnglus
681 704 729 772 ibr
743 705 935 792 sepulerum.

263 817 307 904 [8.
350 819 406 897 At,
421 815 584 884 serissima
596 817 743 902 gentium

347 932 423 996 Meo
437 929 542 1015 patna
555 929 694 1014 pectori!

347 1042 371 1104 J
371 1040 437 1108 ruis
450 1039 631 1126 legitimum
646 1045 751 1125 caput,

305 1150 751 1218 Jurisiotuavisminisnat
846 1136 853 1153 '

259 1262 342 1327 Tum
356 1262 559 1348 sempiternis
572 1263 684 1329 floreat
697 1262 835 1350 Angues

259 1375 328 1453 Vis,
343 1374 508 1442 sanctitati
521 1375 658 1454 subdita,
672 1375 822 1443 laudibus
834 1401 844 1458 3

301 1489 335 1554 N
335 1510 371 1554 eo
384 1489 555 1574 prodigunt
568 1489 686 1555 fruens
699 1509 850 1567 eruorem,

347 1601 513 1685 Quotquot
527 1600 647 1686 ubique
660 1605 832 1688 gemuntur
844 1598 968 1687 Angli]

584 1875 701 1960 [os]

316 2071 346 2135 1.
389 2070 473 2135 DUM
487 2070 664 2156 tranquilla
678 2067 857 2155 crepusculi

171 2179 234 2246 Per
247 2179 377 2246 silentia
390 2181 540 2260 ruminor,
561 2180 566 2270 Ι
586 2181 755 2248 Subtristis
769 2181 957 2266 reputabam

385 2291 442 2371 Ut,
457 2291 522 2376 qua
535 2294 642 2359 stabat
656 2305 724 2358 avis
740 2293 854 2358 domus

171 2403 259 2469 Infra
273 2403 404 2469 arbusta
417 2403 506 2482 meis,
521 2404 624 2468 ferum
643 2402 648 2492 1
667 2404 701 2469 N
701 2407 772 2470 utet
784 2391 917 2488 gramen
930 2401 973 2468 ad
986 2421 1106 2468 auram.

340 2515 476 2582 Restant
490 2520 548 2581 en!
569 2537 674 2601 neque
688 2520 775 2581 terta
787 2513 911 2600 parieb’‚

384 2627 419 2691 N
419 2648 456 2692 eo
469 2647 590 2712 qnerou
603 2649 663 2693 sua
676 2627 767 2714 nigro
781 2624 900 2704 cornix,
955 2713 959 2724 Ι

341 2738 385 2802 Et
398 2738 495 2823 pauoi
508 2739 590 2824 pede
600 2740 670 2824 jam
683 2739 754 2805 rias
768 2742 879 2805 terunt

384 2848 521 2928 Obsites,
537 2850 679 2936 agitabat
692 2850 780 2916 unde

342 2962 459 3028 Cervos
473 2962 527 3028 vel
541 2984 600 3029 sua
613 2963 700 3030 bella
712 2961 765 3028 uir
777 2961 867 3028 rudis

310 3055 312 3068 ’
382 3075 445 3140 Per
457 3075 604 3153 montais‚
619 3095 707 3140 mare
721 3072 813 3159 queis
827 3073 955 3140 inerrat.

312 3184 342 3250 2.
386 3185 477 3250 Inter
490 3184 606 3250 rudera
620 3185 699 3250 dunt
713 3205 819 3270 vagor,

169 3293 240 3374 Qua
253 3301 362 3361 muoet
375 3295 473 3361 viridi
487 3296 553 3362 situ
572 3294 577 3384 Ι
597 3297 705 3362 Horae
719 3316 834 3363 saxone
847 3294 947 3362 index
959 3292 974 3376 ς’

384 3407 493 3472 Unam
507 3407 652 3492 repperio
665 3429 779 3487 rosam,

168 3515 264 3582 Horti
278 3537 361 3602 quae
375 3523 502 3583 revocet
514 3517 629 3597 locum,
649 3516 655 3606 Ι
674 3519 739 3584 Suo
753 3518 790 3582 in
803 3516 894 3584 carde
907 3515 1060 3583 relietann

339 3628 373 3693 N
374 3627 465 3694 aturt
478 3627 611 3695 tacitam
625 3630 685 3695 sub
700 3628 804 3708 effert,
