2752 4258
584 353 589 365 .
614 301 638 367 9

158 528 232 592 Vah
247 549 303 612 ego
317 527 420 593 merse
433 526 534 607 malis,
550 527 674 612 pridem
689 527 742 592 cui
756 547 844 593 cassa
856 528 1014 613 voluptas

160 639 252 716 Quod
267 637 331 703 citt
342 637 518 716 marcescit,
534 644 694 703 curtante
709 639 882 722 amplector
897 643 1028 706 amore?
1126 681 1128 687 ι

159 752 265 816 Imbre
279 750 356 815 licet
369 750 520 828 ldcrimer,
536 734 602 815 non
616 737 811 816 exsultantia
825 747 913 818 cordi

201 865 328 930 Gaudia
341 865 514 942 restituam,
530 885 595 927 non
609 885 740 928 veneres
755 864 863 930 oculis.

83 979 112 1042 5.
157 979 244 1042 Voce
258 983 367 1041 tamen
381 977 467 1042 solus
480 975 674 1040 moribunda
687 981 763 1041 vota
776 975 975 1061 prdfrmdam,

199 1090 331 1154 Pectore
345 1089 404 1153 sub
420 1109 511 1154 caeco
527 1088 633 1153 tristia
647 1109 791 1172 quaeque
804 1107 960 1171 premens.

155 1200 253 1266 Alma
267 1207 299 1265 te
313 1201 439 1284 periens
453 1200 545 1265 exsul
558 1221 651 1284 prece
665 1200 771 1278 donat,
788 1200 879 1264 lerne
893 1203 900 1263 1

200 1313 301 1391 Salve,
318 1318 428 1378 saneta
440 1333 562 1396 parens,
577 1312 714 1396 pristina
727 1318 811 1377 terra
824 1311 972 1395 patrum!

155 1428 266 1503 Quum
279 1424 360 1487 mihi
376 1424 467 1488 sistet
480 1423 578 1487 humo
592 1423 734 1508 gelidum
748 1443 808 1500 cor,
823 1441 925 1504 usque
939 1420 1084 1498 virescas,

158 1538 270 1603 Insula
284 1537 319 1600 in
334 1557 450 1601 oceano
464 1540 502 1598 tu
517 1555 598 1618 quae
613 1533 797 1598 dulcissima
811 1532 934 1617 fulges3

90 1645 109 1672 ‘¹
154 1651 198 1712 Et
212 1653 323 1712 vatum
337 1647 476 1731 plausu,
493 1651 509 1678 “
521 1645 622 1724 Salve,
639 1644 801 1710 carissima
816 1644 908 1708 Ieme
921 1647 928 1706 1

199 1767 215 1792 “
227 1759 328 1836 Salve,
344 1779 415 1823 cara
423 1761 434 1832 ,1
456 1759 573 1822 iterum
587 1757 611 1820 :''
635 1755 783 1822 concinat
797 1756 863 1820 alta
876 1755 972 1840 lyrae.

580 2009 660 2092 [5]

199 2208 276 2271 Nox
291 2204 397 2270 media
412 2204 534 2288 allapsa
547 2211 616 2270 est:
639 2205 736 2270 fuscis
752 2225 786 2270 os
800 2195 963 2268 montibus
977 2202 1077 2268 instat

285 2319 395 2381 Lunae
409 2315 583 2380 rotundum
597 2314 737 2399 frigidae.

198 2429 370 2496 Caeruleos
384 2427 559 2492 volvuntur
573 2447 673 2510 aquae
685 2450 694 2508 3
717 2425 817 2510 super,
833 2425 932 2490 altera
945 2425 1088 2509 pendent

284 2540 425 2604 Extenta
438 2538 544 2623 pelagi
562 2537 693 2616 caerula,
958 2516 961 2522 ¹

199 2652 312 2716 Insula
325 2651 382 2717 ubi
396 2651 569 2715 indomitos
584 2650 721 2734 fulgores
734 2649 874 2733 plurima
883 2649 985 2732 jactat

283 2764 394 2828 Mente
409 2763 527 2828 acriore
541 2761 686 2827 fervidos.

196 2874 286 2952 Quis,
302 2878 429 2938 tantum
444 2873 587 2938 obtuitus
602 2845 809 2957 splendorem,
826 2872 963 2956 despicit
975 2871 1067 2948 infra,

285 2985 353 3049 Nec
368 2985 459 3070 aeger
473 2985 573 3048 animi
588 2985 717 3070 deperit,

197 3098 275 3162 Ales
290 3104 445 3182 exoptans
459 3097 576 3182 quibus
592 3098 703 3174 avolet,
718 3097 754 3160 in
765 3098 860 3181 jubar
873 3093 955 3161 illud

285 3208 326 3273 Se
340 3208 570 3292 sempiternum
584 3213 622 3272 ut
635 3207 789 3273 misceat?
947 3207 951 3216 '

140 3299 143 3306 ⁵
199 3319 341 3397 Caerula,
357 3339 444 3402 pura,
460 3340 571 3385 serena
583 3320 734 3404 jacebant
748 3339 891 3404 aequora,
906 3323 1041 3400 utroque

283 3432 324 3494 In
337 3431 452 3509 littore,
467 3430 569 3497 instar
583 3432 738 3512 aetheris3

196 3543 240 3606 Et
253 3541 310 3606 vix
325 3541 488 3626 disjiciens
503 3545 662 3610 undarum
676 3543 772 3608 crista
784 3539 912 3625 lapillos

281 3657 447 3741 Crepabat,
462 3661 501 3720 ut
514 3656 602 3720 rivus
618 3653 732 3720 brevis.
