2730 4256
439 973 577 1042 Corruit
590 971 790 1040 concelebrat
803 971 868 1038 Dei

392 1085 533 1164 Numan,
548 1085 639 1168 cujus
654 1103 733 1167 opus
746 1082 906 1168 praenitet
919 1081 1054 1149 aethere.

436 1198 537 1262 Fet-ur
549 1194 647 1262 verbe
660 1192 729 1262 dios
744 1193 804 1274 dis,

393 1309 438 1374 Et
450 1311 577 1374 noctem
590 1309 734 1372 remanet
747 1325 813 1370 nox
826 1304 1010 1391 sapientiae

437 1419 564 1486 Harum
577 1437 642 1484 vox
654 1417 761 1496 tacita,
776 1417 922 1482 omnium

394 1531 457 1598 Per
469 1529 592 1616 genteis
606 1528 774 1595 hominum
789 1533 943 1595 consonat
952 1528 1114 1614 impensis,

437 1641 506 1707 Sub
520 1639 711 1726 quicunque
725 1639 833 1706 colant
842 1638 944 1726 plagi,

390 1755 504 1824 Terras
519 1755 665 1820 Oceanus
680 1752 745 1838 qud
758 1752 847 1818 lavat
862 1751 1001 1820 ultimas.

436 1867 502 1934 Hic
517 1865 584 1932 Soli
597 1866 687 1932 Deus
702 1864 831 1930 inclitas

392 1977 504 2046 AEdeis
519 1975 694 2055 constituit,
710 1975 767 2060 qui
781 1974 924 2040 nitidum
937 1981 1035 2062 caput

435 2089 545 2168 Effert,
558 2107 694 2174 sponsus
708 2085 759 2151 uti
772 2107 884 2165 novus,

392 2201 567 2270 Exsultans
581 2198 695 2286 spatiis
709 2219 817 2264 cursor
831 2198 867 2264 in
881 2197 997 2265 arduis.

435 2313 602 2380 Tanarum
614 2309 686 2376 loca
699 2309 830 2376 fervidis

389 2423 591 2492 Collustrans
605 2422 711 2500 radiis,
725 2426 855 2506 torquet
868 2442 964 2508 agens
978 2421 1041 2488 iter

434 2535 659 2621 longinquum
672 2532 802 2618 penitus
815 2540 899 2600 retro
911 2557 921 2614 ;

391 2647 461 2714 Nec
475 2645 652 2732 quidquam
665 2645 798 2712 latitans
812 2645 881 2710 vim
895 2646 979 2732 figit
992 2645 1090 2713 illius.

705 2893 750 2959 11.

387 3096 496 3175 Quam
509 3093 612 3180 legem
625 3091 734 3178 posuit
747 3093 921 3159 veridicam
934 3094 1034 3174 Dans,

390 3208 509 3292 Lapsoa
523 3203 672 3283 restituit,
687 3205 837 3289 perdocet
850 3206 999 3274 imbuens

390 3317 530 3386 Mentois
545 3320 656 3383 sancta
669 3315 783 3396 rudeis,
799 3322 927 3404 pectora
939 3325 1066 3398 fiarent,

432 3429 519 3496 Puri
530 3429 603 3497 luce
617 3428 725 3496 oculos
738 3430 820 3498 beat

331 3585 334 3593 s
389 3543 496 3610 Durat
508 3547 662 3630 perpetuo
676 3549 782 3608 rectus
795 3542 898 3610 honor
910 3543 976 3610 Dei
988 3568 997 3610 z

389 3656 497 3722 Verax
507 3654 667 3742 judicium
681 3658 737 3734 est
753 3674 855 3740 aequa
864 3655 990 3740 jubens,
1004 3655 1091 3723 Dei:
